2750 4526
272 323 606 390 orornamenta.
626 341 680 392 op.
700 328 773 386 nse
794 327 938 378 ros-107.
1098 322 1139 387 63

91 483 152 543 ilud
172 483 259 556 datur,
279 493 313 544 ut
328 482 424 563 possis
438 481 637 542 liberalitatem
652 487 738 560 atque
754 480 962 559 benignitatem
977 477 1013 540 ab
1028 477 1138 540 ambitu
1166 468 1169 476 ¹

91 578 165 646 atque
186 569 332 648 largitione
353 567 515 646 seiungere.
553 567 595 627 De
617 565 737 638 sicariis,
759 565 974 638 damnaticiis,
996 565 1032 625 de
1046 581 1138 643 pecu-

91 653 140 713 btu
158 653 268 714 infitiari
288 670 408 715 necesse
430 660 481 716 est.
520 651 552 712 ld
569 659 614 712 est
625 651 713 731 igitur
729 669 822 730 genus
837 652 968 730 primum
983 667 1138 710 causarum

89 737 115 798 io
133 737 237 800 iudiciis
257 757 293 800 ex
312 738 512 800 controversia
533 737 616 808 facti3
638 737 669 796 in
691 735 948 797 deliberationibus
962 736 1137 814 plerumque

91 841 121 882 cr
140 825 237 898 subiri,
264 842 331 885 raro
361 841 398 884 ex
426 821 560 884 instantis
589 830 640 883 aut
660 821 737 883 facti.
783 822 875 901 Saepe
897 821 982 882 etiam
1005 839 1053 882 res
1075 818 1211 879 11011106-

91 907 121 968 ait
139 926 224 970 necne
243 910 295 970 sed
319 908 412 986 qualis
434 907 472 970 sit
493 906 659 985 quaeritur3
690 916 722 968 ut
744 925 812 968 cum
834 907 867 967 L.
890 906 999 985 Opimii
1021 923 1138 966 causam

91 991 246 1055 defendebat
267 994 345 1074 apud
368 993 512 1072 populum
534 991 669 1053 audiente
692 1010 738 1052 me
761 993 791 1055 C.
815 991 909 1053 Carbo
932 992 1044 1064 consul,
1066 990 1140 1052 nibil

91 1075 120 1136 do
139 1077 166 1138 C.
185 1079 303 1141 Gracchi
333 1096 405 1140 nece
434 1077 572 1158 negabat,
602 1077 653 1138 scd
679 1076 709 1138 id
737 1079 801 1139 iure
830 1095 884 1156 pro
913 1077 1004 1138 salute
1033 1075 1140 1154 patriae

91 1163 186 1224 lactum
206 1183 268 1226 esse
291 1164 420 1236 dicebat;
441 1170 474 1224 ut
492 1163 586 1224 eidem
603 1162 730 1224 Carboni
751 1161 870 1224 tribuno
893 1161 985 1241 plebis
1007 1162 1141 1221 aliatum

92 1257 174 1310 mente
201 1269 263 1311 rem
292 1249 438 1328 publicam
469 1249 631 1326 capessenti
652 1247 685 1308 P.
707 1249 862 1309 Africanus
886 1247 921 1308 dc
944 1247 987 1308 Ti.
1010 1246 1140 1308 Graccho

91 1331 262 1414 interroganti
285 1335 476 1414 responderat
496 1334 561 1395 iure
585 1351 703 1394 caesum
716 1333 817 1394 videri.
849 1334 916 1394 lure
931 1341 1027 1394 autem
1044 1332 1142 1392 omnia

92 1417 289 1494 defenduntur,
318 1439 394 1499 quae
423 1428 493 1480 sunt
521 1419 584 1480 cius
614 1417 744 1497 generis,
776 1427 808 1479 ut
836 1427 886 1479 aut
908 1417 1071 1496 oportuerit
1092 1426 1142 1476 aut

91 1501 189 1566 iuuerit
209 1516 258 1567 aut
277 1523 397 1566 neccsse
420 1503 509 1564 luerit
530 1512 580 1566 aut
599 1503 795 1582 imprudentia
818 1513 868 1564 aut
889 1521 958 1564 casu
981 1503 1055 1564 facta
1077 1520 1142 1562 esse

92 1587 234 1651 rideantur.
279 1591 340 1652 Iam
369 1593 420 1669 qui
448 1597 570 1651 vocetur
592 1590 755 1669 quaeritur,
784 1607 934 1668 cumque
958 1587 1047 1648 verbo
1071 1581 1215 1666 quid107·

91 1675 282 1752 appellandum
310 1676 347 1736 sit
374 1675 577 1748 contenditur3
614 1684 647 1734 ut
674 1674 745 1734 mihi
767 1673 824 1752 ipsi
846 1691 914 1734 cum
937 1674 994 1734 boc
1014 1672 1142 1751 Sulpicio

147 1921 172 1960 ut
184 1916 263 1974 possm
282 1915 446 1964 liberalitatem
464 1916 523 1960 eet:
552 1909 609 1960 dass
629 1924 685 1958 man
704 1907 744 1958 die
764 1907 938 1975 (bebauptate)
957 1907 1144 1973 Freigebigkait

91 1977 132 2025 und
147 1977 343 2046 Mildtbiitigkeit
361 1995 425 2045 ganz
442 1994 492 2029 von
512 1979 566 2028 dem
584 1977 669 2028 blakel
689 1977 734 2027 der
750 1977 1011 2041 Amtsorschleichung
1029 1977 1079 2028 und
1096 1977 1143 2028 Bc-

91 2047 197 2112 stechung
213 2050 318 2100 abltisen
336 2049 396 2099 oder
416 2046 465 2120 irai
482 2047 597 2098 erbalteu
615 2047 689 2097 kann.
724 2045 758 2096 Es
777 2045 901 2112 cmphehlt
919 2046 973 2096 sich
994 2047 1084 2109 dabar,
1104 2047 1144 2096 die

90 2110 145 2163 That
162 2117 301 2184 iiberhuopt
316 2117 342 2168 in
358 2117 458 2168 Abrcde
475 2133 506 2166 zu
526 2115 625 2166 stellen.

148 2201 173 2236 ca
195 2191 356 2239 controversia
379 2189 453 2248 facti:
484 2184 525 2234 dio
552 2182 598 2234 auf
621 2183 702 2234 ciuem
727 2182 809 2233 Streit
839 2182 900 2232 iiber
918 2182 980 2234 eino
1003 2181 1144 2234 Thatsache

90 2248 173 2315 baruht,
190 2255 228 2306 als
243 2255 276 2306 ob
296 2255 336 2306 ein
353 2253 625 2305 lateiniseberrlrtikol
639 2253 719 2302 davor
733 2251 831 2314 stiude,
850 2251 900 2301 wie
914 2251 945 2301 dc
960 2252 1000 2302 lin.
1015 2249 1045 2301 ll.
1062 2255 1085 2313 5,
1101 2254 1144 2305 16:

91 2323 120 2368 aia
134 2327 190 2374 main
208 2329 313 2388 appellat
333 2327 395 2376 bana
414 2327 515 2374 daban:
534 2327 561 2373 in
579 2331 652 2385 motu,
671 2324 738 2372 illam
757 2323 821 2371 nihil
837 2323 951 2372 mnam:
968 2325 996 2372 a'a
1010 2324 1144 2372 emutare.

149 2393 280 2456 casaturi,
300 2392 372 2443 nem.
390 2394 552 2443 controversia
569 2408 640 2442 causa
657 2400 754 2442 abnuat

148 2463 256 2513 mammis
273 2483 311 2504 =
323 2457 466 2523 merdic,
485 2460 535 2510 wie
555 2457 628 2509 Tusc.
638 2458 700 2525 disp.
713 2457 757 2508 IV.
770 2459 793 2521 6,
810 2459 853 2509 11;
870 2473 932 2521 quaa
947 2461 1011 2508 enim
1027 2461 1147 2508 ambratia

89 2535 223 2594 maneatur,
240 2534 323 2582 cadam
341 2534 459 2594 adflabat
476 2531 626 2596 aegritudine
645 2531 779 2588 tmcaucia‚·
797 2525 857 2577 ibid.
880 2529 921 2592 30,
940 2528 980 2578 64.
1009 2524 1146 2590 Ucbrigens

91 2595 149 2644 steht
167 2597 219 2649 hier
228 2602 322 2665 futuri
337 2599 387 2649 und
404 2593 517 2650 tremotis
533 2595 732 2648 substantivisch
752 2609 840 2659 wagan
858 2597 904 2646 dcr
923 2594 1086 2659 Verbindung
1103 2594 1148 2644 mit

90 2665 149 2722 fact
179 2667 305 2718 Achnlich
326 2683 348 2734 p.
368 2666 432 2718 Mur.
452 2670 476 2732 3,
495 2671 523 2719 l:
543 2676 585 2716 aut
604 2669 634 2716 ab
652 2669 727 2716 amico
744 2674 787 2715 aaa
803 2683 819 2714 a
835 2669 940 2730 gratiaco
959 2674 1001 2715 aot
1017 2681 1033 2714 a
1045 2667 1149 2716 concub.

150 2753 203 2803 1116.
236 2752 266 2805 L.
287 2752 398 2819 Opimius
417 2753 493 2802 «hatte
520 2751 558 2800 als
583 2748 676 2799 Consul
697 2749 731 2798 im
755 2749 776 2800 J.
796 2751 843 2802 121
868 2749 908 2799 die
926 2746 1082 2811 Ermordung
1104 2748 1148 2798 des

92 2811 115 2867 C.
129 2815 251 2874 Gracchus
272 2821 416 2874 vcranlasst
441 2821 492 2872 uod
511 2820 598 2869 wurdo
617 2817 720 2868 desbalb
742 2820 790 2871 120
812 2833 865 2868 von.
879 2819 933 2868 dem
951 2814 1148 2867 Volkstribuuen

90 2885 115 2932 P.
128 2885 213 2940 Decius
231 2890 379 2956 angeklagh
398 2890 458 2940 abor
477 2889 503 2939 in
521 2887 599 2952 Fulge
619 2887 664 2966 der
675 2885 875 2966 Vertbeidiguug
894 2887 937 2937 des
949 2885 976 2935 C.
989 2884 1070 2936 Carbo
1086 2883 1149 2936 frei-

90 2959 252 3140 lifdlilli„
271 2959 472 3091 dicibili
485 2957 606 3076 oblili
620 2955 680 3074 bid
693 2952 1149 3087 dissilbddabffiribdilil

90 3103 114 3150 gc
130 3107 166 3146 cn.

149 3161 172 3212 C.
192 3162 309 3230 Papirius
328 3163 408 3214 Carbo
427 3177 481 3213 war
498 3162 536 3212 als
553 3159 648 3211 Tribuu
670 3162 718 3214 131
737 3160 874 3225 Anhiinger
891 3161 934 3212 des
953 3158 992 3212 Ti.
1012 3159 1147 3221 Gracchus,

90 3225 212 3304 libernahm
234 3233 298 3284 abor
322 3234 386 3313 nach
406 3231 476 3284 einer
496 3230 607 3311 vblligen
625 3227 808 3309 Umpandlung
825 3229 908 3280 soincr
927 3229 1076 3309 politischen
1098 3227 1149 3279 Ge·

89 3301 402 3434 tld'tthlttlt
418 3301 509 3420 tit
522 3298 781 3431 ttltilttlffitt
794 3296 1148 3426 arcamarcaa

91 3432 139 3485 dass
157 3453 183 3487 cr
200 3439 255 3489 siah
273 3440 355 3490 selbst
373 3441 418 3491 den
437 3437 491 3488 Tod
508 3437 566 3502 gab.
601 3435 659 3498 Vgl.
676 3438 720 3497 40,
743 3438 792 3489 170
812 3437 861 3486 und
880 3437 940 3487 oben
960 3451 984 3489 z.
1004 3438 1028 3498 2,
1047 3436 1071 3486 9.

124 3569 129 3580 1
148 3503 334 3560 Rabirianam.
370 3507 484 3558 Diesalba
501 3507 662 3568 Acusscrung
679 3504 744 3554 wird
763 3507 827 3556 auch
847 3522 869 3572 p.
882 3504 936 3556 Mil.
949 3507 974 3562 3,
990 3507 1005 3557 8
1025 3502 1149 3554 crwdhnt.

92 3566 142 3622 Wm
158 3573 240 3642 Scipio
259 3578 323 3627 iiber
339 3577 379 3627 die
397 3576 553 3639 Ermorduug
569 3575 612 3624 des
630 3571 668 3622 Ti
686 3569 814 3624 Gracchus
832 3574 935 3636 daehtc,
963 3573 1010 3636 gab
1028 3587 1058 3622 cr
1073 3572 1149 3621 schor

89 3635 276 3719 bei'llumantia
302 3646 378 3697 durch
395 3643 545 3708 Anl'cibrung
570 3643 614 3693 dos
631 3641 803 3694 homerischeu
818 3643 911 3694 Verscs
932 3641 979 3694 0d.
997 3640 1015 3691 1.
1033 3643 1080 3694 47:
1114 3634 1151 3698 tta

89 3712 216 3765 onolacco
234 3717 284 3766 καὶ
303 3709 392 3778 ἄλλος,
414 3709 472 3773 ὅτις
486 3707 601 3766 τοιαῦτά
619 3728 652 3778 γε
678 3711 742 3771 εέζοι
759 3727 790 3761 zu
808 3712 941 3762 orkenncu.

147 3783 201 3834 dara
218 3793 298 3835 aratam
315 3790 377 3836 cet:
398 3784 477 3834 durch
495 3779 621 3845 Berufung
639 3731 687 3831 aad)
701 3781 745 3830 das
764 3780 850 3831 Recht.

150 3856 279 3910 camaena
298 3852 380 3920 (neml.
392 3851 475 3916 fierda
510 3851 573 3900 nach
594 3850 648 3899 dem
671 3848 797 3916 positivae
819 3845 965 3913 ‹gesctzlich
984 3845 1150 3910 bestimmten)

90 3908 167 3980 flecht,
184 3923 292 3973 damn
322 3921 384 3972 uach
402 3921 455 3972 dem
473 3918 695 3984 billigkoitsrccht,
713 3933 803 3969 accam
811 3919 908 3983 sarrai:
936 3932 981 3967 aus
1000 3913 1148 3978 Nothwchr,

90 3984 145 4035 uach
159 3977 280 4040 welebem
299 3988 492 4056 Gesiehtspuukt
510 3987 561 4038 Cic.
581 3989 627 4038 deu
647 3985 707 4036 Milo
726 3985 903 4050 vertheidigtc.
