2736 4528
324 301 367 352 nu
386 299 548 366 onaronn,
565 301 608 352 nl.
623 300 641 353 ι.
662 317 713 368 op.
730 303 753 355 a.
772 307 795 356 ι.
814 301 952 368 §ra-ar.
1130 305 1173 371 23

94 461 151 522 sed
175 457 348 538 seposuisse
370 457 507 518 coeteris
529 456 705 518 dictionibus
728 475 792 518 eam
814 467 927 535 partem
949 460 1073 534 dicendi,
1096 481 1170 541 quae

94 547 128 607 in
159 543 333 605 forensibus
364 541 621 622 disceptationibus
649 543 827 603 iudiciorum
857 554 905 604 aut
927 543 1171 609 deliberationum

97 638 278 702 versaretur,
301 636 329 688 et
342 629 372 688 id
388 647 482 691 unum
497 646 590 706 genus
610 629 718 688 oratori
735 628 896 706 reliquisse,
919 648 981 690 non
995 633 1171 710 complectar

96 717 128 776 in
150 715 197 776 his
219 715 303 774 libris
325 714 465 792 amplius,
495 731 583 791 quam
613 712 692 791 quod
722 713 790 774 huie
820 715 919 792 generi
940 733 973 775 re
995 718 1171 794 quaesitost

97 801 228 862 multum
259 799 403 879 disputata
434 817 621 859 summorum
653 797 809 860 hominum
837 818 930 879 prope
956 819 1103 864 consensu
1126 812 1170 864 est

95 887 261 958 tributum3
305 893 494 963 repetamque
532 902 595 944 non
624 883 659 944 ab
691 883 876 945 incunabulis
912 895 1029 947 nostrae
1065 889 1169 949 veteris
1182 903 1224 952 23.

99 971 284 1051 puerilisque
306 969 456 1030 doctrinae
478 969 625 1046 quendam
648 969 782 1029 ordinem
804 979 1036 1049 praeceptorum,
1060 973 1111 1034 sed
1127 991 1169 1046 ea,

102 1075 174 1134 quae
198 1054 352 1134 quondam
374 1053 472 1133 accepi
492 1055 523 1116 in
546 1063 717 1115 nostrorum
739 1053 895 1116 hominum
910 1057 1167 1134 eloquentissimo-

99 1160 168 1203 rum
197 1152 226 1202 et
249 1141 332 1200 omni
362 1140 498 1218 dignitate
525 1139 693 1218 principum
723 1139 919 1219 disputatione
950 1161 1013 1202 esse
1041 1152 1168 1216 versata;

98 1246 162 1287 non
195 1245 257 1305 quo
288 1225 337 1286 illa
367 1234 570 1297 contemnam,
601 1243 688 1303 quaes
707 1225 808 1285 Graeci
840 1225 957 1287 dicendi
989 1228 1111 1290 artifices
1141 1238 1169 1290 et

98 1313 237 1373 doctores
260 1311 451 1389 reliquerunt,
473 1310 524 1370 sed
547 1327 615 1370 cum
636 1309 682 1370 illa
702 1318 818 1387 pateant
838 1312 869 1371 in
891 1322 1091 1392 promptuque
1111 1315 1170 1376 sint

98 1397 258 1470 omnibus,
290 1413 388 1475 neque
410 1414 443 1455 ea
464 1395 702 1473 interpretatione
724 1413 789 1456 mea
811 1404 859 1458 aut
878 1397 1010 1458 ornatius
1033 1399 1169 1479 explicari
1253 1437 1257 1446 ·

95 1493 150 1544 aut
170 1480 287 1561 planius
309 1481 433 1559 exprimi
454 1481 577 1559 possint,
600 1479 680 1540 dabis
702 1479 778 1541 hanc
800 1482 924 1559 veniam,
954 1483 995 1544 mi
1017 1486 1114 1558 trater,
1137 1494 1169 1547 ut

93 1568 225 1646 opinor,
253 1575 431 1638 uteorum,
454 1564 561 1644 quibus
584 1583 700 1626 summa
721 1566 837 1626 dicendi
857 1567 920 1628 laus
942 1587 958 1628 a
981 1571 1089 1631 nostris
1111 1571 1168 1631 ho·

99 1651 232 1712 minibus
254 1669 396 1712 concessa
418 1659 469 1723 est,
492 1650 690 1711 auctoritatem
713 1651 829 1712 Graecis
849 1661 1033 1731 anteponam.

188 1737 260 1797 Cum
293 1737 383 1816 igitur
418 1736 619 1796 vehementius
647 1735 835 1798 inveberetur
865 1737 896 1797 in
928 1757 1045 1800 causam
1081 1742 1166 1820 prin·
1183 1749 1272 1812 224.

171 1907 305 1968 seponerem,
322 1904 376 1970 vgl.
393 1903 435 1955 ΠΙ.
453 1907 495 1971 33,
518 1907 579 1957 132:
605 1915 633 1956 ut
650 1907 714 1955 aliae
730 1907 803 1955 aliam
822 1907 870 1956 atbr'
882 1916 985 1970 partem,
1006 1911 1033 1956 in
1052 1925 1100 1972 que
1116 1913 1167 1961 ele-

90 1979 202 2036 boraret,
220 1983 347 2038 ecpmmt.

168 2047 324 2096 dr'etabrribue:
347 2041 548 2106 Dmstellungen,
576 2041 624 2092 wia
642 2058 663 2096 z.
684 2042 711 2095 Β.
734 2041 796 2092 iiber
820 2039 994 2106 Gegenstiinde
1018 2043 1063 2093 der
1080 2043 1168 2096 Philo-

93 2113 194 2178 sophie,
212 2111 385 2173 Mathematik,
403 2109 486 2161 Musik
502 2127 519 2159 u
545 2126 578 2174 a.,
596 2110 663 2160 also:
685 2109 860 2161 reduerischou
878 2109 1016 2176 Aufgaban.

169 2185 226 2231 haic
240 2185 332 2246 perrari,
360 2179 415 2230 also
432 2179 604 2229 vornehmlieh
624 2195 671 2228 nur
688 2179 744 2229 dem
759 2197 833 2244 penus
848 2184 961 2230 iudrerble
976 2181 1026 2231 oud
1046 2197 1096 2231 von
1113 2182 1167 2232 dem

91 2253 277 2302 deliberativum
295 2249 344 2300 den
361 2247 507 2310 Contionan,
536 2248 657 2298 w'dhrend
683 2248 722 2299 die
741 2246 927 2300 Bercdsamkait
952 2249 984 2300 im
1002 2249 1094 2301 Senate
1117 2251 1168 2302 und

92 2321 142 2368 das
160 2334 239 2382 gauzo
254 2333 332 2384 pertua
349 2321 561 2369 demonstratarum
576 2332 623 2366 nur
640 2316 808 2381 gelegentlich
827 2317 962 2368 behendelt
979 2319 1051 2370 wird.

166 2389 207 2439 23.
242 2397 393 2452 repetamque
412 2391 474 2438 coh:
507 2387 558 2434 und
580 2384 621 2435 ieh
645 2385 699 2435 wttl
721 2385 792 2436 nicht
809 2401 856 2436 von
878 2387 924 2437 don
943 2385 1168 2453 Aniangsgriinden

94 2471 202 2505 uuseror
222 2455 460 2520 altbergabrachteo
477 2455 528 2503 und
547 2452 588 2503 fiir
606 2451 710 2504 linaben
727 2453 883 2505 bestimmten
904 2453 1094 2522 Unterweisung
1108 2473 1168 2508 aus-

93 2524 189 2574 holend
215 2553 249 2561 -
270 2524 425 2587 mittheilen3
454 2523 505 2586 vgl.
527 2521 567 2572 lli.
594 2525 633 2585 13,
657 2525 705 2575 48:
739 2526 918 2576 Praetereamus
943 2529 1020 2590 igitur
1041 2537 1168 2590 praecepta

92 2595 184 2644 Laena
201 2596 322 2657 loquendi,
339 2610 401 2657 quae
413 2596 518 2654 pueritie
534 2595 645 2642 doctrina
662 2595 744 2642 tradit.

167 2677 229 2726 qaae
245 2668 292 2712 cet.
312 2662 424 2712 constr:
444 2678 506 2725 quae
524 2663 604 2723 arcera
619 2660 699 2724 (neml.
720 2675 769 2710 von
783 2659 867 2728 Cotta,
879 2665 904 2725 l,
919 2663 960 2726 26)
980 2673 1072 2714 rerem
1088 2681 1168 2728 qaen-

90 2733 152 2781 dem
167 2747 219 2781 esee
234 2735 262 2780 ire
281 2759 321 2780 -.

165 2809 302 2851 reserarem
318 2803 442 2850 heminam
459 2803 542 2863 eloqu,
570 2798 603 2848 im
621 2795 778 2860 Gegensatza
795 2814 827 2848 au
844 2799 890 2849 den
908 2799 1079 2862 griechischen
1099 2799 1167 2850 Rhe-

93 2874 179 2933 toren,
211 2868 308 2918 welche
328 2883 377 2917 nur
395 2867 434 2918 die
451 2866 559 2918 Theerie
586 2867 696 2916 lanuten
719 2867 769 2916 und
794 2865 827 2916 im
845 2866 1001 2918 Stoatsleban
1026 2869 1099 2920 keine
1117 2868 1167 2919 Er-

90 2934 236 3000 fahrungen
254 2938 369 3001 gemacht
389 2937 484 2986 hatten.
520 2935 578 3000 Vgl.
596 2938 621 2999 2,
639 2936 663 2986 4.

92 3021 291 3140 Tuscnodnisiiub'
314 3003 1168 3138 dedi:-ribarissq'ur'aehbhliibddpdbidodikrbldlebbenetdolbtebdbwddbderrbdb

164 3111 170 3123 .
246 3111 253 3124 .
285 3115 291 3125 .
328 3113 335 3141 ‚
378 3111 384 3122 .

87 3146 194 3204 percepi
210 3159 259 3193 eon
273 3153 360 3207 posset,
377 3145 420 3194 aed
434 3160 511 3194 meum
528 3159 620 3206 tatemer
636 3145 755 3192 ivereium
770 3143 827 3206 seit
843 3148 891 3192 cet

165 3214 317 3274 arte'fleee,=
330 3217 421 3263 arctam
433 3212 495 3262 oder
510 3213 669 3275 artificiorum
687 3209 865 3272 (hahrbiichar)
885 3221 1000 3278 auctores,
1019 3211 1073 3263 also
1092 3212 1167 3262 iiben-

93 3279 188 3346 haupt:
212 3279 379 3332 'lheoretikcr
396 3280 457 3330 oder
473 3278 725 3342 llunstverstiindigo.
761 3277 819 3342 Vgl.
840 3281 881 3343 24,
905 3283 966 3344 1113
988 3283 1030 3345 32,
1051 3284 1099 3335 145
1117 3280 1167 3330 und

96 3363 133 3400 or.
152 3351 195 3411 51,
219 3351 278 3402 tte:
310 3353 448 3401 Theodectes
465 3352 492 3400 e'rr
508 3353 608 3411 primia,
635 3357 661 3398 ut
679 3350 821 3399 Aristotelea
836 3354 1053 3415 eeepe‘er’pm'fieat,
1076 3353 1169 3412 pultem

90 3421 202 3480 scriptor
220 3427 291 3483 atque
307 3419 408 3482 artifex,
427 3421 471 3470 laec
487 3421 550 3472 idem
568 3426 590 3468 rt
606 3421 677 3467 sentit
693 3425 715 3468 et
727 3419 855 3481 praeopta.

164 3488 233 3537 dabie
250 3490 312 3540 harre
330 3491 424 3539 venam
441 3493 498 3551 eet,
528 3485 584 3537 cino
609 3484 679 3534 nicht
696 3501 744 3535 nur
761 3501 792 3535 an
820 3485 905 3536 scinco
923 3486 1032 3549 Broder,
1060 3483 1168 3534 scudem

93 3554 161 3603 auch
183 3570 218 3606 en
240 3556 285 3607 das
308 3553 438 3607 Publieum
463 3555 605 3620 gariehtete
628 3553 695 3604 bitte
713 3569 754 3604 um
770 3553 987 3620 llntsehuldigung
1009 3567 1096 3616 wagan
1122 3551 1168 3602 dar

92 3637 160 3742 ⁸3⁰²
180 3638 259 3674 neuen
272 3623 347 3675 Form
365 3624 448 3676 seiuer
461 3623 606 3688 Auleitung.
637 3621 736 3674 Auders
750 3622 784 3673 ist
798 3623 881 3674 dieser
892 3623 1025 3674 Ausdruck
1038 3637 1069 3670 zu
1082 3618 1168 3672 tossen

94 3692 206 3754 2,se;
224 3695 256 3746 35
284 3695 341 3746 tea.

164 3731 342 3814 auctoriam.-
359 3762 404 3813 das
423 3762 553 3812 bewiibrte
571 3757 679 3811 Urtheil.
714 3757 796 3811 Uabor
814 3761 856 3811 dia
869 3758 952 3810 liiirza
964 3759 1007 3810 des
1021 3757 1168 3810 Ausdrucks

93 3829 147 3892 egl.
169 3845 203 3879 au
220 3833 246 3896 4,
265 3834 308 3883 15:
327 3835 410 3882 eeterr'e
426 3833 568 3882 luminibus.

165 3893 193 3956 7·
220 3901 261 3952 24.
295 3917 403 3951 ramam:
431 3899 472 3950 die
492 3898 600 3962 Patitur,
620 3901 779 3962 princepum:
808 3897 853 3947 der
873 3894 1012 3962 Nobilit'ait‚
1042 3909 1166 3961 genauer:

90 3963 240 4029 desjenigea
261 3963 347 4019 Thalle
374 3969 419 4019 der
435 3967 588 4032 senatorer,
615 3966 727 4039 welcher
750 3967 797 4016 den
821 3964 920 4029 Antrag
944 3965 987 4016 des
1006 3964 1095 4017 Lirim
1118 3981 1172 4016 un-

508 4150 546 4218 r
