2826 4520
366 371 409 422 nu
428 367 591 435 onaronn,
611 372 654 423 ns.
668 371 686 423 1.
703 389 757 440 ap.
771 375 811 427 aa.
829 375 844 435 e
859 376 1003 428 raa-230.
1159 373 1223 438 127
1322 411 1326 418 .

145 527 278 598 tulisset,
309 525 360 604 qui
385 524 475 604 patris
507 527 659 588 clarissimi
680 527 883 588 recordatione
906 536 934 588 et
955 527 1098 587 memoria
1120 527 1221 588 ilatum

144 612 260 692 poprdo
284 619 417 671 moveret
432 619 460 671 et
476 611 551 672 dnos
573 613 648 672 filios
671 631 742 673 suos
763 631 870 691 parvos
892 612 998 673 tutelae
1020 612 1123 690 populi
1138 629 1222 672 oom-

146 696 319 757 mendasset
340 714 373 756 ac
395 713 442 768 se,
472 704 623 774 tamquam
645 698 676 758 in
698 698 853 776 procinctu
884 705 1092 757 testamentum
1114 700 1223 758 faceret

146 781 212 842 sine
232 780 308 841 libra
330 789 417 858 atque
437 779 552 854 tabulis,
573 782 718 860 populum
737 783 905 843 Romanum
927 789 1055 842 tutorem
1071 781 1224 842 instituere

148 865 272 926 dixisset
291 865 412 926 illomm
435 864 559 926 orbitati.
597 867 698 944 ltaque
721 883 789 927 cum
809 876 837 927 et
858 865 966 926 invidia
987 873 1016 926 et
1030 865 1098 926 odio
1120 867 1222 946 populi

144 944 212 1012 lum
236 949 326 1011 Galba
346 960 539 1028 premeretur,
559 950 639 1010 hisce
661 970 730 1012 eum
754 951 909 1030 tragoediis
923 950 1078 1012 liberatum
1094 950 1221 1024 ferebat3

146 1035 231 1114 qnod
253 1036 324 1095 item
346 1035 424 1112 apud
446 1035 585 1096 Catonem
606 1037 748 1115 scriptum
773 1055 836 1096 esse
859 1036 960 1107 video,
990 1035 1067 1096 nisi
1088 1036 1222 1114 pueris
1289 1069 1294 1086 ·

148 1129 185 1180 et
219 1119 398 1180 lacrimis
435 1137 529 1180 usus
567 1130 694 1194 esset,
732 1139 876 1199 poenas
919 1139 1001 1182 eum
1041 1119 1222 1181 daturum

145 1205 287 1265 fuisse.
339 1203 417 1264 llaec
438 1205 564 1265 Rutilius
593 1205 675 1265 valde
704 1204 887 1284 vituperabat
917 1217 945 1264 et
973 1205 1043 1265 huic
1068 1204 1222 1266 humilitati

146 1288 264 1349 dicebat
284 1289 330 1348 vel
351 1288 486 1348 exsilium
509 1290 600 1349 luisse
617 1291 664 1350 vel
687 1300 814 1352 mortem
836 1289 1082 1368 anteponendam.
1119 1290 1221 1368 Neque
1235 1297 1297 1348 229.

147 1392 221 1434 vero
243 1375 302 1434 hoc
323 1374 420 1432 solum
444 1373 529 1447 dixit,
559 1375 610 1434 sed
631 1375 695 1453 ipse
718 1382 746 1435 et
767 1375 858 1436 sensit
880 1385 908 1435 et
928 1375 1005 1434 lecit.
1056 1375 1130 1434 Nam
1153 1393 1221 1434 cum

147 1467 227 1519 esset
247 1458 294 1518 ille
310 1458 355 1517 vir
370 1459 546 1536 exemplum,
567 1466 602 1519 ut
613 1459 700 1532 scitis,
722 1459 907 1520 innocentiae
925 1477 1053 1537 cumque
1069 1459 1117 1518 illo
1132 1477 1220 1519 nemo

145 1561 247 1622 neque
278 1542 420 1622 integrior
445 1553 521 1604 esset
547 1544 579 1603 in
602 1545 714 1604 civitate
735 1563 834 1623 neque
863 1545 1011 1619 sanctior,
1044 1562 1107 1603 non
1131 1544 1220 1604 modo

145 1627 274 1706 supplex
303 1627 449 1688 iudicibus
481 1646 545 1688 esse
577 1629 688 1702 noluit,
719 1629 769 1689 sed
800 1649 837 1689 ne
867 1628 998 1689 ornatius
1029 1629 1150 1707 quidem
1173 1636 1223 1689 aut

144 1713 271 1773 liberius
294 1729 412 1773 causam
434 1712 490 1772 diei
506 1731 599 1790 suam,
619 1732 708 1793 quam
724 1715 847 1793 simplex
864 1713 935 1774 ratio
956 1713 1083 1774 veritatis
1101 1712 1221 1774 ferebat.

144 1797 274 1858 Paulum
302 1797 372 1856 huie
396 1797 493 1858 Cottae
521 1798 623 1858 tribuit
644 1799 787 1878 partium,
820 1798 1012 1859 disertissimo
1035 1797 1221 1870 adulescenti,

144 1883 260 1958 sororis
284 1901 354 1942 suae
376 1881 445 1942 filio.
489 1883 566 1943 Dixit
586 1884 655 1944 item
678 1901 795 1944 eausam
824 1884 902 1944 illam
933 1881 1058 1960 quadam
1082 1891 1221 1960 exparte

145 1969 182 2041 Q.
198 1967 324 2046 Mucius,
348 1984 431 2026 more
446 1985 511 2040 suo,
528 1968 614 2029 nullo
629 1977 779 2048 apparatu,
795 1986 870 2046 pure
886 1976 914 2028 et
931 1966 1065 2027 dilucide.
1107 1967 1221 2039 Quodsi
1234 1975 1297 2025 230.

144 2061 179 2113 tu
199 2060 281 2124 tunc,
304 2053 417 2124 Crasse,
441 2051 573 2126 dixisses,
596 2054 647 2132 qui
668 2052 834 2115 subsidium
858 2052 967 2114 oratori
990 2069 1023 2111 ex
1046 2051 1101 2112 illis
1117 2051 1221 2130 dispu-

143 2136 316 2207 tationibus
346 2135 454 2215 quibus
476 2137 643 2216 philosophi
662 2146 804 2212 utuntur,
832 2138 867 2198 ad
892 2137 1008 2198 dicendi
1030 2136 1144 2214 copiam
1167 2155 1221 2214 pe-

143 2221 272 2283 tendum
299 2239 364 2280 esse
391 2222 478 2298 paulo
507 2229 573 2282 ante
603 2222 735 2295 dicebas3
769 2231 817 2295 et,
851 2224 876 2283 si
904 2221 956 2282 tibi
978 2239 1032 2300 pro
1055 2221 1088 2281 P.
1111 2221 1234 2292 Runho

146 2324 212 2367 non
234 2304 483 2384 philosophorum
506 2325 605 2380 more,
638 2307 688 2368 sed
711 2315 763 2368 tuo
791 2307 921 2369 licuisset
942 2306 1053 2380 dicere,
1087 2305 1224 2383 quamvis

145 2390 280 2452 scelerati
294 2389 334 2450 illi
357 2391 490 2464 luissent,
511 2392 595 2452 sicuti
611 2394 743 2469 luerunt,
765 2391 896 2469 pestiferi
917 2391 994 2453 cives
1017 2390 1225 2469 supplicioque

145 2476 245 2555 digni,
276 2485 374 2534 tamen
396 2494 515 2536 ornnem
539 2496 643 2537 eorum
668 2477 921 2556 importunitatem
944 2495 980 2536 ex
1004 2475 1115 2536 intimis
1135 2493 1224 2534 men-

212 2732 315 2790 populo,
334 2726 384 2790 vgl.
407 2729 448 2790 51,
466 2729 529 2780 220:
550 2731 640 2778 iudicio
660 2737 702 2777 aut
715 2731 813 2790 populo.

218 2800 247 2846 a'n
258 2799 396 2858 mereatu,
417 2796 440 2846 d.
456 2796 480 2845 h.
499 2811 546 2844 vor
563 2795 656 2860 Beginn
675 2795 719 2845 dar
737 2796 869 2860 Schlecht‚
889 2811 961 2844 wenn
981 2795 1025 2846 das
1045 2793 1109 2844 Heer
1128 2793 1225 2844 bereits

143 2865 171 2915 in
192 2864 428 2927 Schlacbtordnung
444 2863 590 2928 ausgastellt
602 2879 662 2915 war.
693 2862 740 2913 Ein
759 2865 857 2914 eolehes
875 2863 908 2913 im
926 2863 1005 2914 licere
1023 2877 1070 2912 vor
1088 2863 1143 2912 drai
1161 2863 1223 2912 oder

141 2933 200 2984 viar
216 2932 321 2996 Zeugen
344 2933 469 2982 miindlicb
492 2931 667 2997 iestgeretztes
685 2931 830 2983 Testamant
852 2933 924 2982 hotta
951 2931 1061 2983 dieselbe
1086 2929 1222 2995 Giltigkait

142 3001 193 3052 wie
216 3001 262 3051 das
289 3000 316 3049 in
341 3001 386 3050 der
404 3001 502 3050 lleimat
520 3018 568 3064 per
591 3018 630 3052 aee
647 3011 669 3051 ct
689 3004 775 3052 libram
793 3000 1017 3064 abgosehlossena‚
1049 2999 1157 3050 welches
1177 3000 1224 3049 das

141 3068 369 3134 allgameiogiltiga
385 3085 447 3120 war.

212 3141 313 3202 tabulis,
331 3138 355 3187 d.
373 3138 397 3188 h.
419 3138 483 3187 ohne
500 3135 656 3188 sehriltlicha
674 3135 870 3200 Aulzeichuuug.

213 3209 321 3270 armiati,
338 3221 357 3255 s.
376 3221 397 3255 z.
417 3209 441 3268 3,
462 3209 506 3258 to:
524 3208 551 3256 in
571 3209 718 3257 clamitate.

213 3278 359 3326 bumaldate':
379 3273 645 3338 Sclbsterniedrigung.

214 3362 274 3412 229.
311 3363 396 3409 malt:
415 3373 441 3409 es
460 3372 515 3408 war
535 3359 587 3409 sein
607 3357 756 3408 Grundsatz.

212 3432 315 3491 simplex
332 3430 452 3478 audaeibus
469 3444 525 3478 aare.
568 3426 625 3490 Vgl.
652 3425 692 3476 die
711 3443 743 3476 zu
761 3425 775 3490 ἓ
796 3427 844 3478 231
863 3425 947 3476 citime
970 3425 1049 3476 Stella
1064 3422 1137 3474 Tusc.
1156 3422 1220 3487 disp.

114 3578 119 3586 ’
213 3535 256 3616 iod
272 3583 304 3615 ne
321 3592 356 3603 ·—
374 3567 476 3629 quiden,
496 3563 568 3613 ueml.
587 3567 672 3624 coluit,
691 3578 744 3612 was
762 3578 807 3612 aus
826 3568 906 3616 noluit
920 3563 1090 3626 zuergdnzen
1109 3559 1153 3608 ist.
1185 3556 1221 3608 Es

142 3635 218 3686 b'atte
238 3640 306 3684 statt
322 3636 401 3684 minat
419 3634 482 3682 auch
502 3635 576 3684 voluit
594 3630 693 3682 heissen
710 3632 816 3694 konnen,
843 3647 923 3696 wenn,
949 3631 998 3681 wie
1014 3647 1036 3679 z.
1055 3629 1080 3681 B.
1100 3629 1141 3692 to,
1160 3629 1219 3688 203,

143 3704 190 3752 das
207 3701 282 3752 Prae
304 3702 339 3751 im
358 3703 382 3752 2.
407 3699 494 3750 Gliede
511 3701 609 3751 atinde.

211 3773 329 3832 liberius,
357 3769 380 3818 d.
399 3770 425 3819 h.
445 3769 490 3818 mit
514 3774 583 3818 sonst
607 3767 737 3818 erlaubten
758 3767 956 3832 Degressioneo,
983 3765 1033 3815 wie
1051 3781 1073 3814 z.
1092 3764 1118 3813 B.
1138 3761 1220 3813 Galba

143 3841 211 3903 that,
231 3839 276 3888 der
294 3853 344 3886 von
365 3837 410 3886 der
429 3835 509 3886 Saebe
526 3837 606 3887 selbst
621 3834 731 3886 viellach
748 3835 920 3887 abscbweiite.

212 3911 276 3958 ratae
292 3911 411 3966 ematis,
430 3905 492 3955 lum
512 3911 577 3954 atatt
596 3909 692 3968 cedas,
711 3904 767 3955 eina
785 3905 854 3955 nieht
871 3905 968 3954 selteue
988 3899 1190 3964 Umschreibung.

215 3973 244 4039 Q.
262 3973 362 4024 nucius
382 3971 463 4035 Sciiv,
487 3975 575 4024 dassen
593 3973 674 4037 Legat
691 3972 800 4023 Rutilius
825 3987 940 4038 gewesen
959 3985 1015 4021 war
1031 3971 1081 4021 und
1101 3970 1145 4020 der
1165 3968 1222 4018 also

144 4058 185 4094 nm
201 4041 292 4094 beaten
307 4041 371 4092 ‘tiber
387 4041 430 4090 ihu
447 4039 573 4092 Auskunst
591 4042 670 4105 geben
689 4042 791 4091 kouutc.
