2750 4526
297 365 339 415 un
355 363 519 430 onerose,
536 365 580 422 us.
593 364 622 416 n.
642 381 696 433 cup.
712 370 750 420 14.
767 369 805 420 15.
819 368 956 429 §er-cr.
1047 371 1054 412 s.
1119 366 1160 431 41

86 525 165 586 Cum
188 522 235 582 his
258 539 314 594 me,
343 520 466 592 uldini,
499 519 620 592 oblecto,
654 521 705 598 qui
732 539 781 582 res
811 530 905 600 gestas
934 530 985 582 aut
1013 525 1161 587 orationes

84 609 274 688 scripserunt
306 625 373 666 suas
404 612 454 666 aut
486 605 537 684 qni
566 606 605 666 ita
636 605 815 688 loquuntur,
848 615 881 667 ut
919 607 1073 669 videantur
1105 629 1160 671 vo·
1245 675 1248 680 ,

84 696 180 756 luisse
202 711 266 752 esse
288 691 383 763 nohis,
406 691 457 769 qni
470 708 532 751 non
552 709 656 752 sumus
675 689 874 766 eruditissimi,
897 693 1061 756 familiares.
1102 696 1159 758 Sed
1176 685 1276 748 15⁶2·

83 781 158 842 illuc
179 778 285 839 redeo:
313 776 472 850 videtisne,
502 784 645 860 quantum
670 794 780 836 munus
813 777 851 837 sit
871 779 994 840 oratoris
1015 779 1161 843 historia?

86 865 177 927 Haud
200 863 261 923 scio
284 880 320 923 an
344 861 468 922 flumine
490 861 631 923 orationis
653 870 681 922 et
701 861 836 922 varietate
859 865 1037 937 maximum3
1064 885 1161 946 neque

86 969 155 1013 eam
178 948 294 1028 reperio
310 965 437 1027 usquam
453 947 609 1026 separatim
621 948 795 1008 instructam
812 947 966 1010 rhetorum
981 955 1160 1032 praeceptis;

85 1038 143 1098 sita
167 1043 239 1096 sunt
267 1033 346 1094 enim
373 1041 438 1093 ante
470 1033 581 1092 oculos.
631 1033 705 1092 Nam
733 1033 801 1110 *quis
828 1034 921 1096 nescit
949 1035 1073 1114 primam
1096 1058 1161 1101 esse

85 1120 229 1183 historiae
249 1120 353 1198 legem,
377 1136 415 1178 ne
438 1117 509 1196 quid
531 1117 596 1178 falsi
617 1117 714 1178 dicere
732 1115 860 1180 audeat?
888 1120 994 1181 deinde
1021 1139 1059 1182 ne
1090 1126 1160 1202 quid

86 1208 153 1268 veri
177 1222 238 1265 non
260 1201 385 1264 audeat?
405 1221 443 1263 ne
465 1221 541 1281 quae
556 1203 685 1282 suspicio
700 1205 807 1282 gratiae
823 1205 906 1265 sitin
920 1205 1101 1268 scribendo?
1123 1229 1160 1272 ne

87 1311 166 1372 quae
182 1285 359 1352 simultatis?
392 1288 470 1348 llaec
491 1288 599 1354 scilicet
617 1289 808 1350 fundamenta
829 1298 899 1350 nota
925 1298 994 1352 sunt
1012 1295 1161 1357 omnibus.
1174 1303 1214 1356 63.

84 1380 154 1458 lpsa
175 1383 274 1436 autem
296 1369 491 1435 exaedificatio
516 1375 609 1452 posita
631 1383 675 1434 est
692 1375 723 1434 in
745 1373 834 1435 rebus
857 1384 885 1436 et
899 1376 1006 1438 verbis.
1048 1379 1160 1442 Rerum

84 1463 162 1524 ratio
192 1461 328 1522 ordinem
357 1467 527 1540 temporum
549 1459 708 1532 desiderat,
737 1459 894 1538 regionum
916 1463 1160 1542 descriptionem

85 1549 149 1609 volt
168 1547 264 1618 etiam,
286 1545 427 1624 quoniam
447 1544 479 1604 in
501 1544 590 1605 rebus
614 1546 726 1624 magnis
743 1547 945 1624 memoriaque
967 1548 1063 1628 dignis
1086 1571 1160 1614 con-

86 1635 151 1696 silio
173 1631 315 1711 primum,
334 1629 441 1690 deinde
462 1639 531 1702 acta,
561 1638 663 1708 postea
692 1639 815 1691 eventus
837 1641 1053 1711 exspectentur,
1075 1645 1103 1698 et
1125 1639 1161 1698 de

87 1717 221 1780 consiliis
242 1715 399 1796 significari
415 1714 485 1794 quid
509 1715 635 1794 scriptor
656 1715 763 1794 probet
783 1717 861 1776 etin
883 1717 973 1778 rebus
996 1721 1083 1798 gestis
1106 1723 1160 1784 de·

86 1803 192 1866 clarari
217 1821 281 1863 non
310 1802 407 1862 solnm
430 1801 500 1880 quid
523 1808 620 1861 actum
644 1809 692 1862 aut
714 1801 824 1862 dictum
845 1802 895 1875 sit,
917 1804 968 1863 sed
990 1805 1076 1867 etiam
1099 1825 1159 1887 quo

85 1890 197 1960 mod03
221 1895 249 1948 et
270 1905 337 1948 cum
360 1887 395 1947 de
416 1894 523 1947 eventu
537 1887 658 1961 dicatur,
680 1894 713 1947 ut
735 1905 838 1947 causae
859 1888 1041 1966 explicentur
1055 1910 1159 1954 omnes

86 1977 134 2037 vel
164 1991 248 2034 casus
279 1972 325 2033 vel
354 1971 512 2050 sapientiae
533 1973 579 2032 vel
601 1973 767 2032 temeritatis
789 1972 1004 2052 hominumque
1024 1977 1158 2054 ipsorum

85 2079 150 2122 non
172 2059 270 2120 solum
291 2075 339 2117 res
361 2067 465 2136 gestae,
487 2057 537 2117 sed
555 2058 641 2118 etiam
657 2057 708 2136 qui
728 2061 805 2118 t'ama
822 2077 856 2118 ao
869 2059 990 2120 nomine
1009 2062 1157 2139 excellant,

86 2148 124 2207 de
139 2145 285 2223 cuiusque
300 2143 358 2202 vita
378 2151 465 2222 atque
482 2151 595 2203 natura.
638 2142 805 2204 Verborum
822 2153 918 2205 autem
933 2145 1006 2206 ratio
1023 2157 1052 2208 et
1065 2165 1158 2226 genus
1172 2161 1213 2211 64.

85 2230 228 2292 orationis
250 2230 351 2290 fusum
373 2236 459 2306 atque
481 2236 606 2288 tractum
630 2237 746 2289 etcum
768 2230 884 2290 lenitate
902 2231 1027 2308 quadam
1049 2251 1158 2312 aequa-

84 2318 137 2378 bili
158 2315 312 2398 profluens
331 2313 395 2373 sine
416 2314 472 2372 hac
492 2313 619 2374 iudiciali
640 2314 794 2393 asperitate
816 2324 844 2376 et
865 2316 929 2376 siue
948 2319 1158 2380 sententiarum

154 2466 209 2501 eum
227 2451 265 2499 dia
283 2451 463 2500 rue-oblecto:
481 2448 626 2498 untorhalte
647 2448 687 2499 ioh
706 2450 778 2514 mich,
798 2451 853 2501 dem
871 2449 1001 2515 folgenden
1021 2455 1158 2516 sanctiores

85 2518 270 2586 entsprocheud
289 2518 341 2567 und
358 2517 588 2568 verschieden.von
605 2521 696 2569 delecto.
724 2519 782 2583 Vgl.
801 2518 819 2569 l.
837 2523 879 2584 26,
893 2523 957 2574 118:
975 2525 1002 2570 iu
1013 2527 1047 2572 eia
1058 2527 1158 2588 auiam,

85 2591 213 2656 inquibus
221 2589 646 2651 umutilr'taaquueriturueoeaaario,
658 2590 701 2638 aad
715 2591 795 2639 ocimi
810 2591 884 2640 libera
900 2593 1016 2654 quaedam
1031 2594 1158 2644 oblocutio.

155 2653 206 2714 15.
236 2658 278 2708 62.
314 2659 379 2717 illim,
400 2656 439 2720 12,
461 2658 507 2718 513
525 2659 639 2708 histmia:
656 2655 695 2706 die
716 2656 865 2707 historische
879 2658 1047 2724 Darstellung.

154 2726 446 2858 mmdczl05,v5‡l.1s³1·1,
465 2795 506 2844 45.
548 2792 672 2842 Antonius
690 2793 775 2856 meiat,
800 2795 857 2844 dass
876 2795 916 2844 die
933 2794 1095 2862 Ausfu‘hrung
1113 2798 1158 2848 der

86 2865 193 2917 Gesetze
213 2860 315 2912 hir‘die
333 2861 483 2912 historische
500 2861 661 2924 Darstellung
677 2867 744 2911 trote
761 2862 830 2912 ihrer
847 2861 912 2912 Zahl
928 2865 1158 2930 undWichtigkeit

85 2935 150 2984 doeh
171 2933 197 2981 in
218 2931 262 2981 der
280 2929 348 2980 Thac
365 2929 435 2980 nicht
453 2929 614 2994 nothweudig
630 2929 674 2981 sci.

151 3003 389 3067 prcttae-eimuttt
409 2997 555 3066 Sympathie
575 3027 607 3036 -
627 2998 782 3065 antipathia.

154 3072 196 3124 63.
229 3085 310 3119 rerum
332 3070 411 3119 ratio:
435 3066 475 3117 die
496 3066 751 3132 Eigenthiimliohkeit
774 3070 817 3120 des
839 3068 1027 3136 (historischen)
1052 3071 1156 3135 Stoffes3

84 3141 135 3205 vgl.
157 3141 198 3202 11,
216 3139 259 3189 47.

155 3211 183 3258 in
201 3209 271 3258 reduc
289 3209 384 3272 mapuie
396 3212 444 3256 cet.
464 3205 525 3254 lium
543 3203 596 3258 liir:
615 3221 667 3256 eunt
681 3223 721 3257 rea
737 3210 1045 3276 mayaco—expetentem
1067 3209 1156 3259 eheuso

84 3285 160 3329 unten
178 3279 207 3327 iu
224 3277 295 3326 rebus
309 3278 389 3340 pestis.
427 3273 485 3338 vgl.
505 3278 528 3336 7,
548 3275 595 3326 30:
614 3278 642 3324 ia
659 3279 711 3326 eiua
727 3280 793 3327 modi
808 3293 841 3326 re.

155 3361 224 3396 maur
247 3348 305 3406 cet,
331 3343 480 3394 erkliirende
498 3341 631 3406 Genitive,
650 3365 685 3388 =
701 3361 798 3409 caueae,
816 3363 877 3409 quae
892 3349 983 3407 positae
1000 3355 1056 3395 eunt
1076 3348 1113 3394 uel
1130 3348 1156 3393 in

84 3433 141 3466 caeu
157 3419 195 3465 vel
214 3417 242 3463 in
256 3429 305 3476 sap.
324 3419 388 3475 σοις
405 3413 457 3476 vgl.
470 3409 511 3464 ΠΙ,
531 3413 572 3474 39,
590 3414 651 3464 158:
669 3427 716 3476 quo
733 3416 884 3478 aipnffieatur
896 3419 972 3479 mepta
988 3431 1026 3464 rec
1045 3423 1092 3464 tote
1108 3415 1158 3462 aire

84 3487 147 3546 sacti
162 3485 268 3535 alieuius
284 3486 333 3532 eive
350 3485 451 3533 consilii.

154 3555 184 3602 de
198 3555 311 3615 cuiusque
320 3556 378 3614 vicu,
397 3547 504 3600 nemliclr
520 3560 661 3613 exponatur,
679 3564 732 3598 was
751 3565 795 3600 aus
814 3550 868 3600 dem
881 3550 1106 3613 Vorhcrgeheuden
1125 3563 1156 3598 zu

86 3621 211 3686 orgiinzen
230 3620 272 3670 ist.
310 3619 355 3669 llie
375 3620 526 3682 henderuug
544 3619 588 3668 der
608 3618 784 3668 Construction
801 3618 835 3669 ist
853 3619 921 3668 wohl
941 3619 1019 3668 durch
1037 3617 1076 3667 die
1087 3616 1156 3667 Vor-

85 3689 229 3752 anstelluug
248 3689 291 3738 des
311 3687 498 3738 Relativsatzcs
518 3688 669 3738 vemulasst.

154 3759 197 3811 64.
229 3756 256 3806 ln
268 3757 359 3820 furum
378 3755 442 3820 liegt
461 3757 505 3807 der
522 3756 618 3820 Begriff
632 3757 675 3806 des
695 3754 853 3818 Miiheloseu‚
880 3758 907 3805 ia
927 3763 1028 3806 tractum
1048 3755 1092 3804 der
1112 3754 1155 3806 des

85 3825 250 3890 hehaglichen
260 3825 510 3890 Siohgehenlassens:
529 3825 607 3875 leioht
625 3824 785 3875 hintliossend
801 3825 851 3874 und
868 3823 922 3874 sich
939 3823 1006 3872 broit
1024 3824 1155 3888 ergehead.

154 3900 213 3956 ohe,
237 3896 290 3958 vgl.
310 3911 341 3944 zu
362 3896 400 3957 14,
422 3897 467 3946 ts:
491 3897 520 3944 ab
543 3897 685 3956 Aristotele,
703 3899 780 3942 unten
798 3893 814 3958 ξ
833 3895 882 3945 65:
906 3896 958 3943 atne
975 3903 1084 3956 ternpore,
1106 3893 1156 3942 und

83 3963 157 4014 Tusa.
176 3963 240 4030 disp.
253 3961 284 4014 11.
299 3965 322 4025 3,
341 3967 357 4014 ‘l
364 3978 371 4015 :
390 3966 510 4014 hotonem
529 3967 580 4012 aine
589 3967 640 4014 ulto
651 3965 801 4014 delectatione
812 3965 919 4026 cauleyo,
940 3961 1007 4013 ehds.
1020 3960 1038 4013 l.
1054 3962 1097 4025 22,
1109 3964 1155 4014 51:

85 4035 153 4084 Haeo
170 4043 283 4096 reputem
298 4035 349 4099 tati,
366 4035 412 4096 qui
430 4041 517 4096 nepam
535 4035 643 4083 ocimum
662 4036 714 4084 ciue
730 4047 829 4094 corpore
847 4047 871 4082 oe
887 4033 1021 4097 intellectae
1033 4047 1110 4094 poree.
