2826 4520
328 324 371 375 nn
393 323 556 389 ostreas,
576 325 620 376 m.
634 326 651 376 1.
671 342 723 392 cap.
737 330 779 378 41.
797 331 839 381 42.
858 330 871 390 e
890 330 1033 382 rso—tet.
1158 327 1220 394 105

141 482 253 562 digesta
275 483 435 561 generatim
453 491 675 560 componerent.
712 483 788 542 Nihil
812 491 856 543 est
878 483 955 542 enim
980 485 1059 562 quod
1074 485 1109 544 ael
1127 493 1218 546 artem

142 568 236 646 redigi
259 569 361 646 possit,
385 567 442 628 nisi
463 567 510 628 ille
532 569 624 646 prius,
645 569 696 645 qui
717 569 764 628 illa
786 578 880 640 tenet,
904 587 1032 646 quormrr
1056 577 1147 630 artem
1170 572 1217 630 in-

141 655 265 714 stituere
289 655 364 720 volt,
391 653 478 712 hahet
505 653 582 714 illam
605 653 771 726 scientiam,
794 663 828 714 ut
850 673 886 714 ex
905 653 939 714 iis
963 654 1068 726 rebus,
1092 673 1217 732 quarum

140 759 189 800 ars
213 739 350 798 nondum
374 740 418 813 sit,
440 748 532 798 artem
555 739 673 800 efficere
693 741 795 817 possit.
839 741 903 798 Hoc
929 740 1031 814 vineo,
1054 741 1126 800 duro
1148 741 1217 802 bre·
1236 749 1293 800 tet.

142 825 216 886 viter
238 824 383 884 voluerim
408 824 514 896 dicere,
533 823 676 884 uictuma
697 844 744 884 me
766 844 830 885 esse
853 825 949 902 praello
971 825 1143 888 obscurius:
1166 827 1217 886 setl

142 910 278 988 experiar
301 918 329 970 et
351 909 455 980 dicam,
476 910 500 968 ei
522 919 635 990 potero,
657 910 781 988 planius
826 911 931 971 Omnia
953 913 1022 980 fere,
1052 929 1126 989 quae
1150 913 1285 974 suut42.

142 995 284 1056 conclusa
306 1013 388 1057 nunc
413 994 532 1067 artibus,
556 995 685 1073 dispersa
710 1005 738 1055 et
753 995 891 1074 dissipata
913 997 1065 1074 qarorulam
1083 1000 1217 1070 luerunt,

142 1081 228 1142 utin
254 1081 375 1144 musicis
405 1081 523 1140 numeri
545 1089 574 1140 et
595 1099 682 1141 voces
705 1091 733 1140 et
756 1081 852 1152 morli3
879 1083 911 1142 in
941 1083 1098 1160 geometria
1125 1084 1217 1142 linea-

142 1175 260 1236 menta,
298 1168 421 1238 formae,
450 1166 616 1238 intervalla,
645 1166 876 1245 magnitudinem
907 1167 938 1226 in
968 1167 1123 1246 astrologia
1149 1169 1218 1230 caeli

140 1252 308 1324 conversio,
340 1263 432 1322 ortus,
466 1251 563 1312 obitus
595 1261 753 1330 motusque
785 1252 932 1324 siderum3
965 1253 997 1312 in
1024 1254 1219 1332 grammaticis

140 1345 299 1416 poetarum
321 1337 522 1416 pertractatio,
554 1337 743 1398 historiarum
766 1337 911 1416 cognitio,
942 1337 1102 1399 uerborum
1124 1340 1217 1400 inter-

140 1423 283 1501 pretatio,
316 1422 527 1500 pronuntiandi
560 1423 679 1500 quidam
714 1441 822 1494 sonus;
855 1423 886 1482 in
914 1423 968 1484 hac
1000 1425 1127 1502 (lenique
1156 1425 1217 1502 ipsa

141 1509 257 1569 ratione
281 1507 397 1568 (licendi
420 1508 591 1586 excogitare,
607 1526 722 1587 ornare,
746 1509 914 1586 disponere,
937 1510 1113 1582 meminisse,
1133 1529 1219 1589 agore

139 1593 269 1660 disiecta
297 1593 448 1671 quondam
471 1593 610 1654 omnihus
639 1602 667 1653 et
689 1592 794 1654 dillusa
824 1595 879 1655 late
901 1594 1083 1655 videbantur.
1125 1596 1218 1656 hrtbi-
1235 1602 1292 1652 188.

141 1679 199 1740 bita
223 1688 268 1740 est
288 1679 378 1756 igitur
391 1698 438 1738 ars
455 1679 598 1756 quaedam
620 1678 803 1740 exb‘insecus
820 1679 925 1739 exalia
949 1698 1055 1757 genere
1076 1674 1217 1759 quodam,

143 1765 225 1843 quod
249 1763 305 1824 sibi
335 1773 430 1824 totum
462 1764 630 1842 philosophi
652 1765 828 1837 adsumunt,
858 1782 1019 1841 quaerero
1045 1766 1217 1826 dissolutam

142 1851 348 1926 divolsamquc
378 1849 592 1927 conglutinaret
620 1859 648 1910 et
681 1851 792 1910 ratione
831 1848 958 1928 qrradam
996 1851 1217 1929 constringeret.

141 1937 186 1998 Sit
214 1953 285 2014 ergo
314 1935 344 1993 in
373 1935 437 1995 inre
467 1935 542 1994 civili
571 1934 637 1994 linis
668 1935 724 2007 hic,
756 1935 899 2014 legitimae
931 1945 1018 2012 atque
1040 1936 1159 1996 usitatae
1185 1937 1215 1996 in

141 2021 233 2082 rebus
257 2020 411 2098 causisque
438 2020 546 2082 civium
575 2020 783 2098 aequabilitatis
813 2021 1005 2081 conservabo.
1050 2021 1126 2080 Turn
1149 2029 1217 2082 sum
1233 2033 1292 2084 189.

98 2120 106 2134 ·
140 2105 272 2168 notanda
296 2124 402 2184 genera
422 2113 450 2166 et
471 2106 507 2165 ad
530 2116 643 2166 eertum
674 2124 833 2167 numerum
864 2107 1098 2184 paucitatemque
1127 2125 1216 2166 rero-

210 2313 334 2360 astartem
352 2312 442 2374 redigi:
475 2309 499 2358 io
522 2309 567 2359 ein'
584 2309 681 2373 Spsteur
707 2309 828 2373 gebracht
857 2301 972 2371 werden,
999 2312 1065 2359 illam
1084 2312 1215 2371 octennem,

143 2381 166 2430 rh
186 2379 205 2431 i.
224 2378 265 2428 <lie
284 2376 374 2440 Logik.
409 2377 447 2428 Zu
471 2379 525 2428 dam
549 2377 732 2428 wiedcrholten
756 2383 797 2430 ille
818 2378 868 2442 rgl.
888 2393 975 2429 ausser
995 2378 1103 2427 anderen
1120 2376 1217 2428 Stelleu

139 2449 170 2500 ll.
193 2451 215 2510 1,
235 2449 251 2498 2
269 2447 318 2496 und
342 2445 382 2498 111.
401 2449 424 2512 3,
446 2450 494 2510 10,
522 2463 554 2496 zu
579 2448 633 2496 deur
658 2446 709 2496 lnrl.
730 2451 798 2498 habet
821 2447 1000 2498 dichemue
1022 2449 1060 2512 11,
1079 2448 1125 2500 te:
1154 2464 1216 2509 ,eer-

137 2527 204 2580 aepta
222 2525 287 2567 eunt.

210 2601 240 2637 ιω
262 2588 294 2634 iio
316 2586 401 2646 rebus,
430 2581 555 2646 subjeotir
580 2600 611 2634 zu
632 2581 714 2634 lessen
739 2584 764 2633 in
786 2585 839 2635 dem
858 2583 933 2634 Sinoe
965 2599 1013 2632 von
1034 2581 1216 2646 llenntnissen3

138 2672 156 2704 v
175 2655 191 2704 1.
210 2670 234 2704 z.
258 2655 297 2716 19,
318 2654 358 2704 85.

157 2672 173 2719 g
212 2717 267 2780 42.
292 2723 365 2791 187.Ι
388 2724 494 2772 numeri:
514 2719 605 2782 Tarte,
623 2725 700 2771 modi:
719 2721 850 2772 blelmlieo.

211 2794 352 2855 astrologia,
373 2791 417 2840 cler
434 2790 479 2840 lat.
497 2788 629 2840 Ausdruck
648 2787 689 2840 hir
707 2789 873 2840 Astronomie.

207 2863 381 2926 grammaticis,
398 2873 418 2909 s.
439 2875 461 2909 z.
482 2861 506 2921 3,
529 2861 572 2911 10:
590 2862 694 2910 muee'eia.

209 2933 383 2994 tiator-ebrum,
406 2928 640 2991 vgl.z.34,158;
666 2932 765 2993 quidam
782 2945 866 2980 eones:
900 2926 955 2976 eine
973 2925 1127 2988 bestimmte,
1153 2929 1176 2978 d.
1199 2927 1216 2978 i.

139 2997 328 3062 kunstmbssige
346 2999 474 3060 betonung
490 2994 524 3046 im
543 2996 661 3060 Vortrag.

211 3084 310 3130 emere,
329 3065 401 3116 neml.
420 3069 535 3128 oratrbne,
556 3065 607 3129 vgl.
626 3069 668 3127 31,
691 3069 747 3119 142.
788 3063 815 3114 lu
834 3065 878 3115 der
897 3063 975 3128 Regel
994 3063 1058 3113 wirrl
1077 3063 1117 3114 die
1135 3068 1216 3126 dupo-

137 3141 194 3190 er'te'o
213 3137 260 3187 der
282 3139 382 3186 clematio
401 3133 600 3198 voraugestellt3
629 3135 684 3185 hier
708 3137 752 3185 hat
777 3134 889 3184 offenbar
915 3133 959 3182 der
978 3131 1145 3197 Gleichllaug
1172 3134 1217 3184 der

137 3205 279 3268 Endungeo
298 3203 460 3254 bestimmeud
478 3202 635 3267 eingewirkt.

209 3278 309 3325 deuecta
325 3283 347 3324 et
368 3277 460 3338 deficta
475 3277 534 3328 late:
562 3273 718 3336 ungeordoet
735 3272 784 3321 unt
801 3271 862 3322 weit
880 3269 1153 3336 auseioanlorliegend.

213 3345 269 3396 lae.
307 3344 432 3404 Adhibita,
450 3341 502 3405 vgl.
523 3357 543 3392 z.
562 3343 603 3404 34,
626 3343 687 3401 1573
706 3359 798 3406 penore,
819 3340 869 3391 wie
887 3343 929 3403 22,
954 3343 1000 3393 191
1047 3337 1163 3390 Gemeint
1181 3338 1215 3387 ist

135 3411 177 3463 die
198 3411 288 3476 Logik.

210 3483 259 3532 uei
275 3483 417 3542 adsumunt,
435 3478 499 3542 vgl,
512 3481 550 3541 12,
569 3481 609 3548 34.

210 3553 394 3614 conglutinaret,
414 3554 494 3598 etwa:
524 3545 821 3608 zusammouschweisste,
840 3547 890 3596 wie
909 3545 963 3599 Cot
981 3561 1013 3596 m.
1032 3549 1073 3608 20,
1094 3547 1138 3596 72:
1172 3547 1216 3594 lo·

138 3624 230 3670 erim
247 3622 327 3670 eadem
345 3620 438 3682 optime,
454 3633 516 3682 quoe
533 3619 715 3682 conpletionem,
733 3625 822 3666 natm
840 3619 956 3667 dr'eeolvr't.

204 3692 281 3751 fine:
307 3685 409 3748 Zweclr,
431 3685 480 3750 egl
500 3684 529 3736 11.
550 3687 592 3746 34,
612 3688 661 3738 145
679 3686 728 3734 uorl
745 3685 775 3734 de
795 3683 835 3734 etl.
854 3683 872 3734 1.
892 3687 933 3746 39,
956 3685 1017 3736 138:
1038 3685 1165 3733 dicendum
1182 3693 1217 3732 eet

136 3762 211 3810 «iarn
230 3761 326 3821 qualem
345 3757 450 3806 lemtim
468 3757 581 3806 berorae·
596 3763 618 3806 et
632 3757 754 3816 pribeslai·
773 3757 868 3804 mum
879 3757 975 3814 placeat
992 3769 1048 3813 esee,
1068 3754 1139 3802 ouius
1150 3755 1216 3814 fiete

137 3835 175 3876 eet
192 3843 258 3877 um.
294 3822 378 3875 [leber
401 3823 442 3873 die
458 3822 651 3890 appositionelle
674 3821 837 3885 Verbindung
862 3821 907 3870 der
927 3820 1060 3870 Debuition
1078 3820 1124 3870 mit
1144 3821 1216 3870 ihrer

136 3893 327 3959 Ankiindignng
346 3893 395 3957 rgl.
416 3909 436 3940 z.
454 3895 496 3957 23,
519 3894 580 3944 108:
600 3895 642 3942 lta.

209 3966 413 4028 testimonum
432 3966 546 4013 usitatae:
566 3959 612 4013 aul
630 3957 723 4012 Gesetz
743 3961 793 4010 noel
810 3957 975 4009 Herkommen
998 3957 1133 4011 berehend.

211 4033 266 4086 189.
286 4035 485 4094 puerumque,
505 4029 555 4094 vgl.
572 4028 601 4082 11.
620 4033 662 4092 34,
684 4031 744 4083 145:
764 4031 876 4092 quoniam
894 4029 1068 4093 intellegeretur·
1082 4055 1113 4066 -
1127 4045 1216 4095 penora
