2750 4526
219 278 263 343 90
392 275 434 327 nb*
454 275 618 336 brantonia,
640 276 686 326 lib.
704 273 739 326 ΙΙ.
756 291 809 342 cap.
829 279 872 332 40.
890 279 932 328 41.
950 273 966 341 ᾖ
985 278 1130 330 112-115.

473 427 538 493 Hie
553 431 678 510 perone
700 429 932 494 oomeetodr'nis

266 514 371 579 Conso
392 514 485 578 briins
505 518 636 579 mortem
657 515 721 578 trine
742 514 805 594 fert
823 512 1047 594 fomite'ciriter:

264 599 349 680 Quid
368 601 398 664 si
418 604 487 680 obse
509 599 669 664 ornasset?
691 599 768 680 qnid
788 599 839 662 bie
860 599 940 662 mibi
960 599 1057 679 feoo'e‘t
1070 596 1188 678 mebi?

219 687 263 746 Ex
286 685 367 766 pari:
396 686 448 746 Est
467 685 599 746 eiusdem
622 695 650 746 et
673 686 786 764 eripere
805 695 834 746 et
856 695 958 746 eontra
980 702 1043 744 rem
1063 683 1211 762 publicam
1233 686 1294 745 lar-

149 771 275 850 1⁶13.giri
298 771 447 850 pecunias.
491 771 577 831 Foris
600 778 696 830 autern
720 771 917 831 adsumuntur
939 788 981 841 ea,
1004 787 1078 846 quae
1099 788 1161 828 non
1182 788 1234 828 sua
1256 770 1293 840 vi,

220 857 272 917 sed
297 863 432 916 extranea
451 855 650 929 sublevantur,
672 865 704 916 ut
726 856 812 916 haee:
836 856 901 916 Hoo
918 872 1023 914 verum
1042 863 1097 927 est;
1122 854 1193 914 dixit
1214 854 1291 913 enirn

220 942 255 1014 Q.
280 941 422 1004 Lutatius.
466 941 531 1002 Hoo
553 942 659 1001 falsum
682 949 740 1012 est;
763 939 858 1001 habita
881 939 959 1000 enirn
984 940 1114 1016 quaestio
1139 948 1189 999 est.
1230 939 1292 1000 Hoo

219 1027 304 1104 sequi
326 1044 445 1086 neeesse
469 1034 527 1097 est3
564 1026 657 1088 recito
684 1025 762 1085 enirn
791 1023 919 1086 tabulasr
955 1024 997 1084 De
1020 1041 1079 1102 quo
1103 1043 1210 1102 genere
1231 1031 1289 1085 toto

220 1112 308 1188 paulo
332 1119 398 1170 ante
421 1109 490 1173 dixi.

28 1233 56 1268 s,
84 1196 206 1258 41174.
305 1195 396 1266 Haeo,
417 1203 450 1254 ut
474 1193 646 1256 brevissime
669 1193 725 1254 diei
747 1192 923 1274 potuerunt,
946 1193 984 1254 ita
1007 1213 1022 1253 a
1046 1212 1093 1253 me
1117 1194 1192 1254 dieta
1213 1203 1287 1254 sunt.

220 1282 257 1341 Ut
286 1281 364 1340 enirn
398 1280 423 1339 si
452 1297 558 1339 aurunt
588 1278 650 1351 oui,
692 1280 772 1358 quod
808 1288 885 1340 esset
913 1279 1100 1338 multifariam
1132 1279 1287 1348 defossum,

220 1372 454 1424 commonstrare
484 1363 604 1435 vellent,
638 1365 706 1424 satis
736 1383 800 1424 esse
829 1363 961 1435 deberet,
990 1365 1014 1423 si
1045 1364 1128 1442 signa
1156 1372 1184 1424 et
1209 1372 1287 1423 notas

221 1449 405 1509 ostenderem
443 1449 595 1518 locorum,
633 1448 740 1525 quibus
774 1449 896 1528 oognitis
931 1449 994 1527 ipse
1030 1447 1084 1508 sibi
1120 1449 1232 1508 foderet
1263 1457 1288 1507 et

220 1534 263 1614 iii,
288 1533 367 1611 quod
387 1532 484 1606 veliet,
507 1550 597 1611 parvo
620 1534 734 1607 labore,
756 1535 836 1593 nullo
861 1551 977 1604 errore,
998 1533 1160 1606 inveniret,
1178 1533 1219 1594 sio
1238 1533 1286 1592 has

221 1636 275 1696 ego
298 1627 540 1696 argumentorum
562 1620 725 1698 reeoynovi
748 1628 832 1678 notas
854 1619 1063 1697 quaerentique
1085 1617 1287 1688 demonstravi,

147 1713 203 1762 175.
221 1702 272 1762 ubi
300 1704 371 1764 sint:
410 1703 520 1782 reliqna
550 1722 619 1763 eura
643 1712 671 1764 et
693 1705 866 1782 cogitatione
889 1712 1042 1763 eruuntur.
1086 1704 1172 1776 Quod
1195 1713 1288 1764 autern

220 1797 464 1867 argumentorum
492 1807 585 1867 genus
616 1789 722 1867 eoique
753 1806 907 1849 causarum
936 1788 1036 1866 generi
1065 1789 1191 1848 maxime
1218 1805 1289 1847 oon-

220 1875 325 1949 veniat,
351 1883 475 1934 nonest
497 1873 566 1934 artis
589 1874 747 1951 exquisitae
769 1872 977 1952 praescribere,
999 1872 1050 1932 seii
1071 1881 1115 1932 est
1138 1872 1289 1933 mediocris

289 1993 328 2040 tie
342 2007 431 2051 pereae
445 1996 502 2053 oet,
522 2007 566 2040 aus
585 1988 690 2040 Terenz'
700 1988 796 2040 Andria
807 1988 825 2042 i.
842 1993 862 2052 t,
877 1991 918 2052 83,
942 2005 982 2038 wo
997 1989 1064 2038 Simo
1078 1989 1118 2039 die
1131 1988 1289 2054 Empfindung

219 2058 302 2109 seinos
315 2058 410 2109 Sobnes
425 2058 568 2124 Pamphilus
586 2058 648 2108 iiber
665 2059 708 2108 das
724 2058 835 2108 Ableben
853 2059 898 2107 der
913 2057 1001 2121 jiingst
1019 2058 1173 2108 bestatteten
1187 2057 1288 2124 Chrysis

220 2127 354 2189 sobildort;
374 2137 422 2178 tem
436 2131 597 2191 familiariter
614 2149 648 2168 =
665 2138 715 2178 tem
732 2131 846 2189 dolenter,
864 2138 984 2191 tamquam
998 2129 1137 2190 familiario
1155 2137 1217 2178 esset.

289 2206 372 2248 eontra
393 2213 443 2246 rem
460 2213 502 2256 με
536 2211 591 2245 zum
611 2194 747 2246 Naehtbeil
772 2196 815 2246 des
839 2195 940 2258 Staats,
969 2194 1120 2259 Gegentbeil
1143 2211 1194 2244 von
1213 2211 1289 2257 eren.

219 2264 317 2314 Dareus
334 2264 368 2312 ist
386 2280 418 2314 zu
434 2269 525 2326 eripere
544 2265 588 2314 der
605 2265 662 2314 Dat.
680 2269 718 2316 ree‘
731 2267 798 2326 publ.
817 2280 849 2313 zu
866 2265 999 2328 erg'ainzeu.

291 2334 347 2385 1⁵13.
379 2337 552 2385 adimerentur:
585 2331 624 2382 die
649 2327 750 2404 τρόποι
769 2333 896 2384 ἐπίθετοι
914 2337 972 2391 τοῖς
990 2333 1153 2402 λεγομένοις
1169 2333 1291 2389 καὶτοῖς

219 2403 433 2472 πραττομένοις,
448 2417 468 2450 a.
487 2417 509 2452 z,
530 2403 571 2464 39,
592 2403 653 2463 163;
674 2405 830 2453 sublevantur
846 2423 881 2442 =
899 2400 1022 2452 nituntur.

288 2473 367 2518 recita.
401 2468 447 2518 Die
460 2466 645 2533 Aufforderung
660 2470 738 2519 istan
754 2470 801 2518 den
814 2467 1017 2520 Geriobtsdioner
1029 2467 1162 2532 geriobtet,
1181 2468 1290 2518 weleber

218 2536 339 2586 wiibrend
370 2537 415 2586 der
440 2537 620 2600 Ver-bandlung
649 2553 694 2587 zur
718 2537 859 2601 Vorlesnng
883 2538 1041 2588 offentliober
1070 2535 1202 2587 Urkunden
1231 2534 1291 2585 anf·

218 2602 348 2668 gefordert
366 2621 396 2654 zu
413 2606 512 2655 werden
530 2609 628 2671 pilegte.
661 2605 717 2670 Vgl.
737 2608 766 2656 de
786 2606 833 2670 leg.
851 2622 903 2668 agr.
924 2605 953 2656 ΙΙ.
969 2609 1007 2668 18,
1026 2607 1074 2658 47:
1093 2606 1211 2664 Quanto
1228 2607 1292 2655 miii

218 2689 248 2723 ee
266 2677 350 2724 ordine
366 2677 440 2724 reet'ta
457 2679 485 2726 de
507 2679 564 2740 leqe‘e
582 2678 671 2736 eere'rrto
687 2678 777 2738 populi
792 2679 897 2726 Romani
913 2679 1052 2726 erectionem.

282 2746 359 2804 pente
377 2753 444 2794 ente:
463 2745 505 2805 27,
527 2746 585 2796 116.
1113 2749 1114 2752 ’

287 2805 341 2868 41.
379 2814 434 2864 rn.
464 2816 508 2862 aas
523 2829 571 2878 090,
590 2828 610 2862 s.
630 2827 650 2861 z.
665 2813 706 2875 32,
731 2813 786 2864 rao.
822 2811 859 2861 za
877 2811 922 2861 aar
939 2825 1033 2874 ganzes
1052 2809 1132 2860 sene
1151 2810 1200 2874 νει.
1214 2809 1231 2862 1.
1246 2813 1289 2874 ro,

218 2881 283 2932 203:
314 2884 421 2944 mutilem
436 2883 513 2943 nobb,
540 2885 654 2944 quoniam
672 2885 706 2930 ito
722 2883 843 2944 voluntte,
857 2880 952 2943 sontes,
971 2883 1035 2930 ende
1054 2882 1199 2942 hauriretis,
1219 2888 1290 2944 atque

218 2951 307 2998 itinere
328 2953 380 3010 men
400 2953 434 2999 ite
445 2953 535 3010 peravi
550 2966 598 3000 erse
615 2953 812 3011 demoneeranda,
838 2965 887 2999 non
905 2958 933 2998 nt
950 2953 1000 3010 abre
1017 2951 1067 2998 dun
1084 2964 1169 3011 menn,
1192 2953 1255 3012 quod
1270 2959 1291 3000 et

218 3018 343 3078 infinitum
360 3027 394 3067 eet
410 3027 432 3068 et
450 3034 500 3068 non
518 3023 686 3080 neceesarium,
704 3022 747 3068 aed
760 3027 788 3069 nt
805 3026 1014 3069 eommonetrarem
1031 3025 1126 3068 tantum
1144 3021 1247 3082 vianet,
1265 3027 1291 3068 ut

211 3088 276 3148 fleri
295 3090 358 3145 rotet,
377 3088 477 3150 dienen
493 3090 527 3136 ed
538 3088 621 3149 sontis
638 3089 792 3137 intenderem.

285 3163 481 3218 eroumentornm
497 3164 573 3217 notes,
595 3154 645 3218 vgl.
665 3171 698 3206 or.
716 3157 755 3217 14,
775 3157 821 3206 46:
842 3157 949 3218 idemque
966 3151 1129 3219 (Arirtotelee)
1147 3158 1290 3206 beor—eie

215 3225 281 3273 enim
298 3225 403 3284 appetem
418 3249 451 3258 -
465 3227 538 3287 quaet
555 3233 748 3288 erqieneneorme
758 3232 827 3273 notae
837 3226 947 3282 tradidit,
962 3225 1025 3273 unde
1036 3225 1113 3272 omnir
1125 3226 1154 3274 in
1166 3233 1290 3288 aeremque

214 3301 310 3353 nartem
328 3292 463 3342 traheretur
483 3295 566 3342 oratio.

286 3363 412 3424 reeoqnem‘
427 3381 462 3400 =
478 3363 599 3410 reeenenr':
632 3358 657 3408 in
679 3358 723 3409 der
740 3357 899 3424 lirinnorung
915 3356 1100 3419 wiederboIen,
1125 3360 1289 3424 durobgohen,

216 3428 265 3478 wie
287 3427 312 3477 in
332 3425 387 3479 Cot.
407 3425 425 3476 Ι.
441 3429 465 3490 3,
485 3431 515 3480 6:
533 3431 583 3480 lere
601 3429 658 3478 runt
674 3431 780 3480 vertera
797 3432 866 3479 nobie
884 3439 926 3480 tue
943 3431 1044 3479 eoner'leie
1061 3431 1152 3491 omnia,
1169 3445 1231 3494 qnae
1243 3433 1289 3480 eben

215 3513 306 3548 meeum
324 3499 376 3548 lieet
391 3513 561 3564 memorem,-
579 3496 605 3545 in
620 3496 692 3547 Verr.
713 3503 762 3546 aet.
783 3513 818 3563 pr.
833 3501 856 3560 5,
878 3500 924 3549 lb:
944 3498 1100 3560 nequeenim
1120 3500 1184 3548 mibi
1198 3501 1291 3549 etdetm

213 3569 272 3617 haee
289 3568 417 3616 multitudo
430 3593 463 3602 -
475 3582 612 3632 eoynoeeere
630 3582 660 3616 en
672 3581 709 3616 ne
719 3583 815 3618 eausam
826 3569 936 3630 volone,
951 3568 994 3615 eed
1005 3582 1040 3628 ea,
1058 3581 1121 3628 qnae
1131 3569 1186 3629 eote,
1204 3583 1289 3617 meum

213 3650 393 3699 reeoqnoaeere;
422 3634 453 3684 de
469 3634 520 3698 leg.
538 3633 579 3685 111.
600 3635 640 3695 16,
665 3637 713 3686 37:
742 3649 792 3685 non
817 3637 1018 3700 reeoqneen'emne
1040 3650 1105 3684 nune
1129 3638 1189 3702 leyen
1210 3639 1292 3698 popuii·

214 3707 296 3765 Rern,
314 3705 356 3752 red
369 3711 413 3753 aet
431 3708 560 3765 repetimus
576 3711 669 3765 ereptae
686 3712 729 3754 aut
744 3720 819 3756 norae
839 3705 970 3754 inibimus.

275 3773 379 3835 'relique
396 3777 453 3834 eet,
472 3772 525 3837 vgl.
545 3773 586 3833 35,
610 3773 658 3824 loo
677 3787 700 3821 u.
717 3773 773 3823 119,
809 3770 924 3822 Gemeint
941 3770 975 3820 ist
995 3769 1035 3820 die
1051 3769 1223 3834 Emitteiuug
1240 3773 1288 3821 nuti

214 3837 339 3954 ffuswabl
363 3839 407 3888 der
430 3839 601 3891 zutreffenden
624 3839 777 3903 Argumento
803 3840 883 3890 selbst
907 3839 957 3890 und
981 3839 1036 3888 ihre
1061 3839 1226 3904 Anwendung
1250 3837 1293 3890 aei

234 3920 263 3955 en
285 3905 413 3956 einzelnen
431 3907 496 3959 Feli.

287 3975 344 4026 175.
375 3987 473 4028 nonest
491 3984 555 4028 eet:
573 3976 625 4026 dies
645 3991 701 4026 zum
714 3977 880 4027 Bewusstsein
899 3992 928 4026 zu
947 3939 1050 4039 bringeri
1072 3975 1107 4026 ist
1125 3975 1197 4026 niobt
1213 3975 1292 4028 Seobe
