2750 4526
300 289 951 395 nuduodenenaricapao.5131.132.
1005 378 1008 388 ,
1122 327 1164 392 73
1227 349 1229 360 ’

92 481 226 542 tiendum
249 470 427 562 expeditum,
450 481 475 542 si
498 483 552 542 erit
572 483 651 542 idem
672 482 703 543 in
727 481 939 544 consuetudine
964 483 1102 559 civitatis,
1131 485 1163 544 in

92 567 244 648 exemplis,
265 568 296 627 iu
318 564 465 640 institutis,
487 567 518 626 in
542 568 675 628 moribus
698 586 731 628 ae
752 567 950 628 voluntatibus
967 568 1074 631 civium
1090 588 1162 629 suo-

91 671 159 712 rum
183 653 309 730 hospes,
340 670 402 711 uon
432 653 558 713 multum
588 653 614 713 ei
639 653 696 713 loci
725 642 965 732 proderuutilli,
996 654 1163 731 exquibus

92 747 266 816 argumenta
299 746 487 814 promuntur.
538 737 665 798 Subacto
696 739 768 799 mihi
796 739 913 818 ingenio
944 756 1019 817 opus
1043 747 1098 811 est,
1131 748 1164 800 ut

92 841 160 902 agro
193 841 255 882 nou
279 823 368 882 semel
390 830 487 894 arato,
517 823 568 882 sed
599 832 706 885 novato
736 833 764 884 et
793 823 913 898 iterato,
945 842 1004 902 quo
1027 824 1163 885 meliores

92 912 167 970 letus
199 908 296 986 possit
325 915 353 968 et
382 908 552 986 grandiores
582 909 677 969 edere.
730 909 866 970 Suhactio
896 917 993 970 autem
1015 917 1059 970 est
1080 927 1162 982 usus,

92 993 211 1065 auditio,
233 993 328 1066 lectio,
347 993 468 1054 litterae.

177 1081 222 1139 Ac
244 1078 374 1156 primum
397 1086 531 1139 naturam
555 1097 658 1139 causae
679 1077 783 1152 videat,
806 1097 881 1158 quae
903 1097 1066 1158 numquam
1088 1080 1163 1154 latet,
1179 1089 1236 1140 132,

93 1167 243 1225 factumne
267 1165 304 1224 sit
325 1172 492 1240 quaeratur,
515 1183 552 1224 an
571 1165 655 1242 quale
678 1164 723 1237 sit,
746 1183 783 1226 an
807 1165 887 1242 quod
910 1183 1021 1224 nomen
1043 1164 1162 1236 habeat3

94 1268 151 1327 quo
175 1256 333 1328 perspecto
357 1250 452 1310 statim
476 1250 604 1310 occurrit
625 1249 749 1310 naturali
772 1251 897 1328 quadam
916 1249 1079 1328 prudentia,
1102 1269 1164 1310 non

94 1335 137 1394 his
160 1333 426 1414 subductionihus‚
460 1353 533 1414 quas
555 1335 603 1395 isti
625 1335 743 1406 docent,
772 1335 842 1414 quid
873 1336 958 1396 faciat
987 1353 1112 1410 causam,
1134 1336 1164 1395 id

95 1429 144 1492 est,
174 1438 243 1498 quo
262 1419 375 1480 sublato
407 1420 606 1481 controversia
636 1427 711 1481 stare
733 1437 795 1480 non
817 1421 924 1499 possit3
955 1421 1060 1484 deinde
1094 1421 1163 1498 quid

96 1506 192 1566 veniat
214 1505 247 1564 in
269 1505 427 1578 iudicium,
457 1505 537 1584 quod
566 1505 614 1566 isti
643 1506 684 1565 sic
711 1505 814 1567 iubent
836 1523 989 1584 quaerere:
1019 1507 1168 1566 Interfecit

95 1591 231 1669 Opimius
259 1589 432 1652 Gracchum.
484 1589 560 1664 Quid
589 1591 656 1650 facit
684 1587 827 1652 causam?
860 1591 939 1668 quod
968 1591 1010 1652 rei
1033 1591 1165 1670 publicae

96 1694 190 1750 causa,
216 1693 284 1736 curn
307 1695 342 1736 ex
365 1684 483 1736 senatus
507 1676 639 1736 consulto
656 1676 692 1736 ad
714 1693 795 1736 arma
817 1685 957 1740 vocasset.
1003 1677 1067 1736 Hoc
1089 1677 1165 1749 tolle,

96 1779 179 1822 causa
205 1778 268 1820 uon
291 1761 353 1822 erit.
397 1762 435 1820 At
456 1761 485 1821 id
507 1761 605 1839 ipsum
629 1770 714 1840 negat
740 1770 846 1821 contra
868 1761 945 1840 leges
967 1761 1084 1822 licuisse
1105 1763 1164 1822 De-

96 1845 164 1908 cius.
221 1846 325 1906 Veniet
351 1846 440 1925 igitur
460 1847 492 1906 in
513 1846 668 1907 iudicium:
698 1846 864 1907 Licueritne
891 1865 927 1906 ex
949 1855 1067 1906 senatus
1090 1865 1164 1906 con·

96 1933 169 1994 sulto
195 1931 357 1992 servandae
379 1932 422 1992 rei
445 1931 576 2010 publicae
599 1951 693 1994 causa.
731 1931 888 2010 Perspicua
911 1938 980 1992 suut
1003 1933 1074 1991 haec
1096 1932 1164 2009 qui-

161 2135 268 2198 eulecto,
288 2134 328 2186 ein
346 2151 404 2186 vom
416 2135 550 2185 Ackerhuu
570 2135 711 2186 eutlehutes
727 2135 795 2184 Bild:
815 2135 946 2199 griindlieh
967 2135 1165 2200 durchgebildet,

95 2204 223 2258 routinirl.

163 2283 253 2324 noema
273 2284 295 2324 et
312 2277 395 2324 iterato
412 2295 447 2314 =
466 2281 552 2322 novato
573 2270 605 2334 (d.
621 2271 638 2322 i.
650 2275 726 2322 denuo
740 2275 817 2334 arcto)
837 2281 859 2323 et
877 2277 964 2324 lterum
980 2283 1073 2334 noceto,
1093 2274 1166 2321 wilh*

98 2343 156 2391 reud
179 2343 227 2391 der
246 2341 390 2392 technische
410 2341 542 2390 Ausdruck
566 2355 623 2390 vom
637 2340 770 2390 Achai-hau
792 2341 886 2391 lautot:
913 2346 997 2392 aerato
1020 2351 1042 2392 et
1060 2345 1166 2401 tertiato,-

100 2412 141 2460 der
154 2411 334 2462 ahweicheude
346 2408 478 2460 Gebraueh
491 2425 541 2458 von
559 2413 641 2459 iterato
659 2409 694 2458 ist
712 2410 788 2459 durch
802 2411 846 2460 das
858 2411 1062 2474 vorhergeheude
1081 2420 1167 2460 novato

98 2480 254 2542 reranlasst‚
279 2477 326 2528 auf
342 2479 452 2529 welches
469 2477 545 2528 allelu
569 2478 626 2542 (und
653 2477 723 2527 nieht
752 2481 815 2528 auch
841 2477 887 2528 auf
912 2484 982 2530 semel
1005 2475 1084 2544 erato)
1113 2478 1167 2528 sich

97 2547 167 2616 jener
185 2548 321 2599 Ausdruck
339 2547 446 2599 hezieht.

163 2622 265 2677 litterae,
285 2633 304 2666 s.
325 2619 366 2680 23,
386 2619 425 2668 96.

167 2688 225 2739 132.
260 2696 374 2736 naturam
393 2701 477 2736 eaesae
490 2684 555 2734 wird
572 2685 652 2733 durch
669 2683 708 2734 die
729 2681 849 2735 ebenialls
862 2699 911 2733 von
930 2687 1008 2735 videet
1025 2684 1167 2748 ubh'angige

101 2753 266 2822 lloppellrege
291 2764 423 2820 quaeretur
443 2770 558 2806 aee—ee.
577 2763 708 2818 quaeratur
727 2751 874 2817 (uncinoli,
899 2767 989 2804 wovon
1007 2753 1102 2802 wieder
1127 2752 1166 2802 die

100 2822 239 2876 indirecteu
259 2823 357 2887 Frageo
368 2825 498 2886 factumne
514 2827 559 2884 eit,
583 2827 653 2886 quale
670 2827 710 2883 sit,
733 2831 772 2872 eet.
799 2821 927 2884 ahhiiogig
944 2821 1008 2884 sind,
1028 2822 1108 2871 niiher
1126 2837 1168 2870 er-

100 2891 201 2944 l'aiutert.
236 2891 289 2942 Zur
305 2891 384 2942 Saehe
402 2892 454 2955 vgl.
474 2893 514 2952 24,
536 2894 584 2944 104
603 2891 626 2940 ff.

123 2974 127 2984 “
166 2964 373 3014 subductionllus:
401 2960 607 3024 Berechnungen‚
633 2974 674 3008 om
703 2958 742 3008 die
772 2957 922 3022 zugeh'orige
951 2956 1107 3021 Abtheilung
1137 2974 1167 3007 zu

101 3029 187 3095 huden,
211 3029 471 3093 alsollrwligungen,
490 3027 688 3078 Recheukiinste.
985 3085 987 3088 ,

165 3103 229 3164 quid
240 3102 322 3163 saciet
339 3115 434 3149 eausam
458 3095 603 3147 bezeichuet
621 3096 660 3146 die
676 3095 835 3159 Erkllirung,
859 3095 905 3144 mit
922 3095 1032 3146 welcher
1050 3095 1095 3146 der
1114 3095 1166 3144 An·

101 3169 271 3232 geschuldigto
293 3168 347 3218 sich
364 3183 395 3217 zu
418 3163 596 3230 reehtsertigen
617 3165 710 3215 sochen
728 3180 806 3214 muss:
824 3164 864 3215 die
883 3164 1027 3228 Grundlago
1046 3164 1089 3214 des
1104 3163 1166 3212 Pro-

102 3251 196 3299 zessos;
221 3241 283 3302 quid
304 3239 385 3288 ueniet
408 3239 435 3286 in
458 3237 572 3285 iudicium
590 3234 630 3284 die
646 3233 741 3298 Frage,
770 3232 800 3282 oh
817 3233 876 3296 jede
894 3233 1038 3296 Erkliiruug
1056 3234 1098 3283 des
1117 3231 1167 3280 An-

102 3307 233 3370 gehlagteu
259 3311 326 3356 trotz
347 3306 391 3355 der
416 3309 667 3367 entgegeugesetzten
687 3303 848 3367 Behauptung
869 3303 912 3352 des
930 3302 1072 3364 Anklligers
1089 3305 1167 3350 stott-

102 3373 154 3424 hate
171 3375 214 3438 ist,
243 3374 297 3424 also
324 3374 369 3424 den
399 3371 566 3436 cigentlieheu
593 3371 752 3436 Streitpunkt
779 3372 838 3422 oder
864 3371 903 3422 (lio
927 3370 1094 3436 daupidane,
1125 3365 1171 3417 anf

92 3437 194 3494 'welche
228 3459 255 3494 es
294 3444 432 3502 onkommt,
475 3457 525 3490 von
562 3442 608 3490 den
646 3440 817 3504 griechischen
853 3439 1022 3490 Rhetorikern
1058 3437 1104 3486 mit
1137 3432 1166 3486 td

102 3507 281 3582 κρινόμενον,
307 3527 355 3561 von
381 3512 427 3562 den
450 3509 588 3560 ro'mischeu
610 3509 722 3560 luristeu
746 3509 792 3559 mit
815 3511 861 3560 den
882 3507 996 3558 Formelu
1026 3523 1075 3571 qaae
1096 3509 1125 3556 de
1142 3521 1168 3555 re

102 3585 190 3645 opiter,
209 3585 238 3632 de
257 3599 304 3646 quo
321 3585 403 3646 opiter
421 3579 566 3644 (ambietur)
586 3579 646 3628 oder
663 3595 710 3642 quo
728 3581 756 3630 de
772 3583 854 3644 enitar
872 3577 1026 3628 bezeichnet.
1059 3573 1117 3638 Vgl.
1132 3589 1167 3622 or.

103 3651 142 3714 36,
163 3652 225 3702 126:
252 3654 323 3705 illud,
349 3653 376 3700 in
401 3666 449 3714 quo
475 3652 546 3712 quael
569 3658 685 3698 certamen
713 3657 746 3698 est
774 3649 954 3707 controversiae,
985 3647 1053 3708 quod
1080 3647 1169 3695 Graece

102 3715 267 3790 κρινόμενον
277 3723 381 3778 elicitum
399 3717 459 3784 Top.
474 3718 515 3782 25,
525 3720 572 3778 953
586 3717 655 3767 Brut.
675 3719 716 3780 79,
731 3719 794 3782 275;
814 3720 867 3766 tati:
887 3714 928 3764 dio
940 3711 1168 3763 Schulrhetoriker.

170 3793 382 3851 oontemserit,
408 3788 471 3837 ohne
489 3795 524 3850 et,
542 3785 590 3835 wie
608 3787 702 3848 immet,
720 3800 794 3836 weun
816 3785 855 3836 eiu
873 3783 959 3848 imper.
978 3781 1024 3832 mit
1041 3781 1168 3831 condicio-

103 3855 182 3906 nalem
200 3856 275 3907 Sinne
294 3857 460 3920 vorhergcht3
478 3870 525 3904 nur
543 3859 592 3904 lom
611 3855 670 3904 oder
692 3864 743 3904 tum
764 3852 823 3902 dari
839 3855 884 3903 deu
898 3849 1026 3902 Nachsatz
1037 3849 1168 3915 heginnen.

102 3921 159 3987 vgr.
177 3923 249 3976 Taso.
268 3925 329 3991 disp.
349 3923 368 3974 l.
390 3927 429 3987 13,
448 3927 493 3976 30:
515 3926 578 3974 Tolle
598 3926 659 3973 lente
676 3927 823 3984 opinionem:
841 3926 930 3972 luctum
955 3923 1094 3985 sustuleris,
1119 3918 1168 3968 und
1202 3913 1208 3926 ⁹

103 4005 122 4044 s.
142 3992 205 4044 oben
224 4009 247 4044 z.
266 3995 312 4060 20,'
326 3997 371 4048 84:
392 3995 687 4056 emula-adaequentur.
