2756 4520
296 325 338 377 na
357 324 520 392 onerosa,
539 325 582 380 tn.
599 325 642 380 111.
661 343 714 394 ap.
737 330 777 380 11.
792 327 811 394 a
829 332 870 384 m.
887 332 929 384 ta.
1115 329 1157 396 33

83 491 135 542 aut
151 481 236 559 quasi
250 489 330 542 extra
345 481 469 542 modum
484 481 593 542 absona
609 489 696 561 atque
712 482 847 544 absurda.
863 483 914 545 Est
930 494 1027 546 autem
1043 486 1154 562 vitium,
1169 487 1211 540 42.

82 567 166 646 quod
181 567 319 642 nonnulli
333 567 370 628 de
383 566 528 628 industria
544 575 757 644 consectantur.
784 569 902 630 Rustica
917 589 975 630 vox
991 579 1019 630 et
1033 573 1154 648 agrestis

82 647 233 730 quosdam
256 652 385 718 detentat.
408 671 468 730 quo
493 654 585 731 magis
600 653 809 730 antiquitatem,
831 655 856 715 si
878 656 916 715 ita
931 665 1024 726 sonet,
1047 674 1153 718 eorum

80 755 183 799 sermo
199 737 326 796 retinere
340 737 491 810 videatur3
514 748 547 799 ut
563 747 639 813 tuns,
656 737 763 810 Catule,
778 738 895 819 sodalis,
916 741 949 800 L.
966 741 1056 813 Cotta,
1079 761 1153 820 gau·

81 823 154 883 dere
171 821 243 882 mihi
256 822 371 883 ridetur
386 823 522 901 gravitate
537 823 653 902 linguae
668 842 803 902 sonoque
819 825 900 885 voeis
913 826 1019 904 agresti
1030 835 1058 887 et
1071 827 1154 900 illud,

80 907 164 986 quod
179 907 321 987 loquitur,
337 907 468 985 priscum
477 908 572 968 visum
581 909 618 969 iri
627 917 718 986 putat,
733 910 757 969 si
772 910 857 988 plane
866 912 1154 973 tueritrustioanum.

79 993 127 1054 Me
143 1001 242 1054 autem
258 1001 328 1054 tuus
343 1010 436 1053 sonus
451 1003 479 1055 et
494 993 636 1054 subtilitas
654 993 707 1054 ista
720 994 849 1070 delectat,
867 997 969 1056 omitto
983 997 1154 1074 verborum,

79 1095 265 1157 quamquam
280 1084 323 1138 est
338 1085 440 1156 eaput;
456 1098 559 1140 rerum
574 1079 605 1139 id
622 1079 809 1152 adsentatio,
824 1081 932 1142 donent
946 1082 1064 1155 litterae,
1079 1101 1154 1142 eon-

77 1164 179 1224 firmat
194 1163 378 1224 consuetudo
397 1172 425 1224 et
439 1163 554 1242 legendi
569 1173 598 1225 et
610 1165 769 1241 loquend13
786 1165 838 1226 sed
853 1166 929 1226 hane
944 1166 1009 1228 dico
1027 1169 1154 1228 suavita-

78 1259 150 1329 tem,
166 1267 242 1326 quae
258 1249 317 1310 exit
334 1267 368 1308 ex
387 1267 453 1321 ore;
472 1268 547 1328 quae
561 1249 680 1328 quidem
697 1259 731 1311 ut
745 1251 823 1329 apud
839 1251 966 1314 Graecos
982 1253 1155 1326 Atticorum,

78 1335 122 1394 sio
137 1335 169 1396 in
187 1333 290 1394 Latino
305 1351 444 1394 sermone
459 1335 547 1395 huius
563 1345 607 1395 est
621 1334 703 1396 urbis
725 1336 851 1396 maxime
870 1338 998 1416 propria.
1034 1338 1155 1400 Athenis
1168 1339 1209 1388 43·

76 1421 138 1480 iam
156 1418 208 1480 diu
225 1418 357 1478 doctrina
371 1419 506 1497 ipsorum
518 1420 743 1482 Atheniensium
758 1421 876 1502 interiit,
891 1422 1073 1484 domicilium
1087 1432 1154 1484 tan-

78 1515 145 1566 tum
161 1503 195 1564 in
209 1503 258 1564 illa
276 1503 349 1564 urbe
364 1512 497 1566 remanet
512 1505 687 1579 studiorum,
711 1506 818 1584 quibus
833 1516 937 1568 vacant
959 1509 1045 1582 cives,
1067 1527 1154 1587 pere-

75 1673 169 1708 eoeum.
208 1657 300 1714 Quint
321 1659 349 1706 s'n
370 1659 441 1706 rebus
461 1660 508 1707 duo
526 1661 628 1707 mentm
643 1668 701 1708 aunt
711 1661 844 1723 juyienda,
867 1675 899 1708 ne
916 1663 977 1723 quid
992 1663 1155 1726 effeminatum

74 1736 120 1777 aut
139 1729 211 1776 molle
230 1735 251 1774 et
268 1727 376 1788 nequid
392 1727 480 1776 durtun
497 1735 541 1776 aut
555 1730 671 1778 rusticum
690 1731 730 1776 ait.

170 1801 241 1844 euru
258 1797 369 1844 nodum.-
388 1793 433 1843 der
450 1793 566 1857 Melodio‚
586 1795 610 1844 d.
620 1796 644 1844 h.
664 1794 738 1846 allern
752 1795 911 1859 Wohlklang
929 1802 1060 1860 entgegon.
1078 1796 1153 1848 Diese

75 1861 240 1914 adverbielle
260 1862 427 1926 bestimmung
450 1863 548 1913 erkl'airt
572 1863 622 1912 und
646 1863 761 1914 motivirt
786 1865 825 1914 die
847 1863 978 1928 folgenden
999 1864 1153 1916 Ausdriieko.

73 1931 135 1996 Vgl.
154 1930 173 1980 l.
193 1933 235 1990 24,
257 1933 318 1982 111:
336 1948 365 1981 eu
375 1933 479 1994 sorensi
496 1949 543 1982 usu
560 1935 628 1982 bomo
646 1937 771 1984 mediocria
780 1937 1057 1998 nequeomninorudr'e;
1076 1941 1152 1985 unton

74 2005 119 2062 24,
139 2003 188 2052 93:
207 2003 259 2049 eine
274 2004 375 2051 ratione.

166 2071 282 2133 absurda,
312 2069 374 2126 hierv
390 2069 416 2117 in
444 2068 488 2118 der
512 2069 719 2134 urspriingliehen
747 2071 905 2134 Redoutung:
931 2068 1152 2134 widrigkliugend,

73 2137 262 2202 grell,=quae
281 2140 311 2188 ab
331 2141 434 2189 auritus
451 2139 568 2188 adhorret.
595 2137 629 2188 So
649 2140 713 2188 auch
732 2137 806 2189 Tuae.
826 2138 891 2204 disp.
907 2138 936 2190 ΙΙ.
957 2144 982 2200 4,
1006 2142 1092 2191 12:10·
1109 2143 1152 2190 ab·

72 2211 150 2258 surde
170 2214 242 2256 mum
266 2210 298 2268 io,
323 2209 369 2269 qut
386 2223 411 2257 ee
433 2209 518 2258 batert
532 2209 588 2258 vetit
604 2213 728 2271 murinum,
752 2211 797 2259 hoe
815 2212 912 2272 turpior
930 2213 970 2271 ait,
995 2211 1062 2273 quod
1078 2212 1107 2258 e'n
1127 2225 1152 2258 eo

68 2285 160 2338 meon,
181 2278 254 2325 euius
266 2280 397 2338 profitetur
414 2279 545 2327 euentum.

163 2345 207 2396 42.
225 2344 254 2394 ut
271 2347 306 2394 itu
322 2353 396 2404 noun,
422 2343 477 2394 eine
495 2344 646 2395 erkldrende
665 2342 829 2408 Austohnng
849 2344 892 2394 dos
912 2344 939 2394 in
956 2361 1003 2410 quo
1020 2344 1150 2408 liegenden

71 2431 106 2478 eo,
122 2415 148 2464 d.
167 2413 194 2460 h.
212 2417 302 2462 ruotioe
318 2415 452 2477 loquendo,·
469 2412 520 2476 vgl.
540 2415 580 2476 to,
598 2415 646 2466 ³8:
660 2417 893 2475 puri-sermonis.

163 2484 263 2537 seduth,
285 2479 322 2530 als
336 2479 446 2532 Genosso
464 2482 593 2532 desselben
604 2485 718 2532 eodaldus
729 2481 789 2532 oder
803 2482 931 2532 desselben
945 2481 1025 2531 durch
1037 2478 1151 2532 Gemeiu-

71 2550 185 2600 samkeit
205 2547 326 2611 gewisser
340 2567 410 2600 sunu
424 2551 601 2600 verbundenen
612 2550 725 2611 Vereins,
744 2551 798 2600 dem
810 2551 875 2600 anch
889 2549 992 2602 Catulus
1002 2553 1148 2615 angehbrte.

164 2617 194 2668 1..
215 2616 336 2667 Aurelius
354 2617 436 2681 Cotta,
455 2618 525 2668 nieht
543 2636 574 2670 zu
593 2617 765 2670 verweehseln
784 2618 830 2668 mit
849 2621 903 2669 dem
921 2618 1097 2670 Theilnehmar
1119 2635 1151 2669 an

71 2689 130 2739 dom
152 2685 284 2751 Gespriioh
302 2686 328 2736 C.
347 2685 430 2753 Cotta,
451 2703 506 2738 war
524 2687 618 2738 Tribun
635 2687 700 2740 imJ.
712 2689 744 2739 95
763 2687 812 2738 und
830 2687 894 2737 wird
908 2703 997 2752 wagan
1015 2689 1060 2738 der
1076 2693 1151 2739 nutt-

73 2763 137 2809 eitas
155 2755 240 2805 seinos
257 2754 402 2806 Ausdruoks
422 2756 487 2806 anob
503 2756 538 2806 im
555 2757 624 2810 Brut.
644 2757 760 2806 erw'tihnt
779 2759 820 2818 36,
838 2759 899 2809 137:
919 2762 948 2808 de
968 2760 1150 2808 industriaoum

74 2829 156 2878 verbio
175 2833 228 2874 tum
246 2827 317 2876 etrum
334 2828 385 2886 ebro
402 2842 459 2875 sono
478 2829 551 2890 quati
567 2829 701 2878 subruatieo
717 2829 903 2890 persequebatur
922 2835 992 2890 atque
1011 2829 1151 2878 imitabatur

70 2899 262 2959 emmunitatem
279 2893 347 2944 ebds
369 2897 409 2956 rt,
430 2897 487 2946 259.

166 2965 301 3028 yraue'tate:
323 2961 473 3027 Plnmpheit,
491 2961 612 3022 llobhait3
636 2967 793 3025 rusticanum,
813 2962 867 3013 dem
887 2965 992 3014 tuatim
1012 2963 1150 3026 angehb‘rig

72 3034 112 3084 od.
133 3029 327 3096 entspreohond,
347 3029 499 3094 Gisgonem
518 3035 645 3082 urbanum.
737 3031 739 3034 ’

165 3101 299 3150 subtilitas:
325 3097 504 3164 Gewbbltheit,
530 3099 655 3152 Foiohoit.
693 3099 751 3164 Vgl.
772 3098 803 3154 ll.
823 3103 846 3163 t,
867 3101 912 3152 28:
939 3103 1037 3150 Catulus
1053 3103 1150 3150 auditor

72 3174 184 3227 aucant,
210 3173 252 3216 eui
268 3185 317 3218 non
336 3173 413 3218 nolum
435 3185 480 3218 noa
495 3172 583 3220 Latini
601 3173 725 3232 sermonis,
747 3172 878 3220 sedetiam
899 3172 986 3220 Graeci
1005 3172 1055 3230 tpu·
1075 3173 1149 3220 rotent

70 3257 130 3290 auae
147 3243 248 3300 linquae
267 3240 421 3288 subtilitatem
441 3242 624 3302 eleuante'amque
642 3241 780 3298 coneedere;
799 3238 869 3289 Brut.
889 3238 929 3300 35,
951 3239 1006 3290 132.

161 3315 242 3366 eaput,
264 3305 315 3369 vgl.
335 3321 356 3356 z.
379 3310 418 3368 10,
434 3309 480 3359 39:
499 3311 538 3358 nu
552 3316 652 3370 ueterem
668 3310 743 3357 ratio:
767 3305 936 3356 methodisehe
947 3303 1147 3367 Untorweisung,

17 3430 20 3439 ,
69 3377 233 3429 eomuetuda:
249 3373 414 3438 lortgoaetzte
435 3373 546 3440 Uebnng.

159 3446 235 3496 tuus
251 3453 286 3494 eet
300 3446 369 3494 urbia
387 3461 418 3494 m.
432 3460 472 3504 pr.
492 3443 550 3508 vgt.
565 3444 633 3493 brut.
653 3445 694 3507 46,
709 3444 772 3495 171:
790 3443 838 3500 Qui
854 3453 887 3494 eat
907 3445 950 3492 iste
966 3443 1061 3492 tandem
1075 3442 1147 3490 urba·

67 3517 156 3566 antona
175 3515 257 3562 color?
273 3516 367 3573 Nerato,
385 3516 503 3575 inunum
521 3522 616 3564 tantum
631 3528 680 3562 eme
693 3515 812 3577 quendam
823 3516 877 3562 seio.
895 3513 929 3561 Id
939 3521 980 3572 tu,
995 3513 1078 3569 Brute,
1097 3512 1145 3558 tum

66 3587 199 3646 intelteqeo,
220 3597 272 3631 uum
290 3585 318 3631 e'n
336 3585 440 3633 nattum
457 3587 563 3643 venerim
585 3585 667 3632 audies
678 3584 809 3645 tequidem
819 3579 1145 3640 etnmoerbuquuedumnon

66 3657 128 3703 tritu
146 3654 245 3711 nomae,
264 3654 307 3700 aed
324 3654 380 3700 taso
398 3653 490 3700 mutari
507 3653 642 3714 dedistique
660 3660 778 3712 possunt,·
802 3652 866 3700 tttud
880 3656 914 3698 eet
929 3650 1017 3706 matus,
1037 3647 1103 3709 quod
1117 3650 1145 3695 in

67 3723 167 3771 uocibus
184 3728 323 3769 noatrmum
341 3727 465 3770 oratorum
482 3723 583 3770 retinent
599 3723 714 3784 quiddam
728 3729 751 3770 et
759 3727 854 3769 retonat
862 3719 988 3767 urbanius.
998 3740 1031 3748 -
1042 3715 1145 3764 Omnino

66 3795 111 3852 aie,
132 3797 161 3840 ut
176 3791 270 3851 opinor,
288 3791 316 3838 e‘n
336 3791 424 3838 nontra'a
444 3797 479 3838 eat
495 3791 594 3852 quidum
607 3791 763 3850 urbanorum,
779 3791 840 3838 sieut
858 3790 908 3836 tttte
917 3786 1055 3834 Atticorum
1063 3800 1143 3834 senua.

161 3858 204 3908 43.
223 3860 345 3906 doetrinu:
365 3856 478 3921 gelehrte
497 3855 609 3920 Bildnng.

160 3934 257 3976 tantum
274 3925 341 3980 steht
358 3923 385 3974 in
395 3925 478 3975 dieser
495 3924 536 3974 boi
545 3923 597 3976 Cic.
607 3925 748 3975 selteneren
758 3923 902 3985 bedeutung
917 3919 990 3988 (nur)
1008 3936 1029 3972 z.
1040 3921 1067 3971 B.
1079 3923 1143 3971 nnoh

64 3995 86 4048 I.
110 3995 152 4058 11,
176 3996 227 4058 46;
250 3995 289 4057 15,
308 3995 348 4048 65.

122 4085 198 4128 moero
211 4085 237 4126 da
251 4085 340 4127 oratore.
361 4084 400 4126 ΠΙ.
914 4079 929 4128 3
