2750 4526
209 345 253 410 44
434 343 476 395 nn
496 341 765 406 obscoenitati.
785 359 838 410 ap.
855 346 893 398 rs.
913 345 1051 406 ess-ro

209 501 418 584 prehendenda
439 519 503 562 esse
525 502 635 562 oratori
656 511 747 584 puto;
770 501 794 562 si
817 500 925 575 minus,
947 510 980 560 ut
1000 498 1160 578 separatim
1180 499 1218 560 de
1231 500 1277 560 bis

209 587 298 650 robus
319 587 564 666 pbilosophorum
587 605 671 648 more
693 585 884 664 respondeat,
909 595 937 646 at
959 594 1053 657 certe,
1082 585 1166 645 utin
1188 603 1275 646 causa

209 673 370 752 prudenter
400 672 492 750 possit
512 671 659 746 intexere3
689 673 768 733 bisce
793 683 891 732 autem
919 671 990 749 ipsis
1018 669 1164 730 derebus
1186 679 1220 730 ut
1239 671 1276 731 ita

208 759 355 836 loquatur,
376 758 419 820 uti
440 757 476 829 ei,
496 758 547 835 qui
561 758 635 832 iura,
652 759 704 838 qui
724 758 811 836 leges,
834 756 885 834 qui
909 750 1035 816 civitates
1052 755 1278 826 constituerunt,

208 844 297 906 locuti
308 853 385 915 sunt,
399 842 569 921 simpliciter
584 855 613 905 et
627 843 787 923 splendide,
803 842 867 904 sine
884 843 941 902 ulla
954 843 1028 902 sen’e
1042 841 1276 919 disputationum

153 947 196 1000 69.
209 939 237 990 et
258 930 322 990 sine
342 929 440 990 ieiuna
461 931 677 991 concertatione
705 928 876 990 verborum.
918 928 982 988 Hoc
1011 926 1078 986 loco
1101 944 1139 986 ne
1161 928 1277 1005 quasit

208 1014 369 1088 admiratio,
391 1015 416 1074 si
436 1022 480 1074 tot
500 1021 706 1094 tantarumque
726 1031 826 1077 rerum
848 1013 926 1074 nulla
948 1029 1028 1072 ame
1048 1021 1203 1090 praecepta
1221 1031 1276 1091 po-

207 1109 332 1171 nentur,
364 1099 406 1160 sic
436 1105 548 1160 statuo:
578 1107 611 1161 ut
639 1101 668 1161 in
693 1100 796 1161 ceteris
821 1098 947 1171 artibus,
981 1115 1050 1158 cum
1080 1097 1187 1158 tradita
1219 1098 1276 1159 sint

209 1187 353 1264 cuiusque
374 1184 444 1244 artis
467 1184 643 1262 difficillima,
665 1187 786 1265 reliqua,
806 1185 874 1263 quia
890 1193 941 1244 aut
955 1183 1083 1244 faciliora
1104 1193 1156 1244 aut
1172 1183 1275 1244 similia

208 1272 276 1343 sint,
297 1268 372 1331 uadi
392 1287 453 1329 non
471 1287 591 1332 necesse
612 1290 692 1344 esse;
715 1272 797 1332 utin
819 1270 941 1348 pictura,
962 1269 1014 1347 qui
1033 1268 1165 1329 bominis
1187 1269 1275 1329 unius
1358 1303 1359 1314 ι

209 1354 337 1436 speciem
350 1353 471 1433 pingere
486 1355 680 1434 perdidicerit,
697 1373 784 1434 posse
800 1373 869 1416 eum
892 1355 1021 1415 curiusvis
1036 1355 1083 1414 rel
1098 1357 1214 1416 formae
1231 1355 1274 1414 rel

209 1440 325 1512 aetatis,
353 1440 466 1500 etiamsi
494 1459 556 1501 non
579 1442 725 1518 didicerit,
753 1443 874 1520 pingere
894 1458 992 1520 neque
1014 1458 1079 1500 esse
1099 1441 1273 1518 periculum.

209 1528 261 1605 qui
280 1525 397 1585 leonem
418 1535 467 1586 aut
488 1534 606 1588 taurum
619 1528 719 1607 pingat
731 1527 855 1606 egregie,
876 1545 914 1586 ne
935 1526 1013 1588 idem
1036 1525 1067 1584 in
1089 1525 1191 1586 modus
1213 1526 1272 1586 aliis

209 1609 450 1692 quadrupedibus
480 1615 575 1674 lacere
605 1631 667 1675 uon
692 1614 787 1692 possit
816 1647 858 1656 -—
886 1630 984 1690 neque
1012 1621 1057 1671 est
1078 1611 1203 1671 omniuo
1228 1630 1272 1671 ars

209 1698 275 1772 ulla,
296 1697 328 1756 in
348 1715 405 1774 qua
428 1698 534 1774 omnia,
558 1718 632 1777 quae
652 1699 699 1760 illa
715 1710 776 1760 arte
795 1699 872 1758 ellici
888 1699 1011 1778 possint,
1034 1716 1050 1756 a
1072 1695 1195 1757 doctore
1213 1707 1271 1756 tra-

209 1783 325 1864 dantur,
347 1783 397 1844 sed
420 1783 471 1860 qui
493 1785 654 1862 primarum
680 1794 709 1845 et
731 1791 877 1844 certarum
899 1801 1000 1845 rerum
1018 1799 1127 1861 genera
1142 1783 1208 1860 ipsa
1228 1782 1272 1842 di-

209 1870 359 1949 ‹licerunt,
389 1868 499 1946 reliqua
523 1871 595 1945 [non
617 1869 815 1946 incommode]
843 1887 897 1948 per
925 1887 957 1929 se
993 1868 1199 1946 adsequuntur
1224 1901 1272 1932 —-.

155 1971 195 2020 70.
209 1954 340 2016 similiter
354 1954 480 2015 arbitror
501 1955 532 2016 in
552 1955 605 2016 hac
627 1957 687 2016 sive
706 1956 818 2017 ratione
839 1954 899 2015 sive
921 1953 1128 2014 exercitatione
1149 1953 1271 2024 dicendi,

209 2041 260 2119 qui
285 2039 363 2102 illam
395 2039 595 2120 vimadeptus
618 2042 670 2120 sit,
694 2050 852 2101 uteorum
876 2041 994 2119 mentis,
1027 2039 1078 2117 qui
1100 2048 1151 2099 aut
1172 2039 1209 2099 dc
1239 2057 1270 2097 re

208 2125 322 2206 publica
343 2136 393 2186 aut
415 2126 451 2185 de
472 2126 564 2204 ipsius
585 2125 674 2187 rebus
696 2135 747 2187 aut
768 2126 804 2186 de
824 2125 875 2201 iis,
904 2134 1006 2186 contra
1033 2142 1110 2203 quos
1139 2135 1191 2186 aut
1217 2142 1269 2203 pro
1360 2121 1361 2174 l

208 2211 316 2290 quibus
338 2211 420 2291 dicat,
444 2229 511 2272 cum
534 2211 628 2290 aliqua
650 2212 796 2272 statuendi
816 2219 956 2290 potestate
981 2210 1109 2290 audiant,
1129 2211 1167 2271 ad
1186 2227 1270 2271 suum

208 2297 360 2358 arbitrium
384 2313 504 2358 movere
526 2298 628 2376 possit,
649 2297 731 2357 illum
755 2297 791 2357 de
805 2305 872 2358 toto
892 2297 942 2357 illo
963 2313 1070 2375 genere
1092 2296 1270 2374 reliquarum

208 2383 374 2443 orationum
397 2399 459 2441 non
481 2383 546 2460 plus
569 2383 770 2461 quaesiturum
793 2401 856 2443 esse
876 2382 947 2460 quid
965 2382 1050 2462 dicat,
1072 2397 1163 2459 quam
1184 2380 1270 2458 Poly-

208 2468 306 2528 clitum
321 2466 412 2539 illum,
435 2485 502 2527 cum
520 2467 675 2530 Herculem
695 2467 830 2547 lingebat,
854 2485 942 2545 quem
966 2468 1001 2528 ad
1024 2466 1149 2528 modum
1168 2467 1269 2546 pellem

206 2605 348 2654 abhorrere:
365 2603 407 2662 21,
426 2603 472 2654 ot:
494 2617 522 2653 m
538 2607 659 2654 communi
673 2607 776 2668 quadam
795 2607 905 2667 opinione
923 2607 1049 2654 tammum
1065 2606 1159 2663 dicen
1183 2604 1212 2653 de
1230 2601 1269 2651 oli.

207 2672 236 2722 ll.
257 2672 297 2732 10,
315 2672 360 2722 35:
380 2687 433 2720 oum
447 2674 625 2734 adommionem
647 2689 791 2724 commemem
814 2676 890 2724 omnis
908 2675 1097 2724 accommodatur
1122 2677 1219 2734 oratio;
1238 2672 1268 2722 dc

208 2758 243 2791 or.
258 2737 299 2790 lll.
319 2741 360 2804 29,
381 2741 441 2791 115:
465 2744 526 2804 quid
548 2741 574 2792 in
591 2745 712 2794 commemi
727 2753 802 2794 mente
817 2747 891 2808 qnasi
909 2746 1050 2804 impressum
1069 2745 1112 2792 eit:
1140 2741 1268 2806 allgcneiu

207 2807 372 2860 monscblichc
386 2808 651 2874 Auschauungswoisc.

274 2880 395 2940 splendide
412 2878 536 2944 lebendig,
559 2877 632 2944 Gegs.
654 2895 685 2930 zu
703 2879 899 2938 miunafeoneeri.
919 2883 992 2941 ueri,
1013 2877 1062 2928 uie
1082 2882 1219 2942 sinpliciter
1239 2895 1268 2927 zu

206 2952 258 2997 eine
276 2966 300 2998 n.
319 2965 338 2997 a.
358 2950 438 3009 dc'op.;
462 2948 530 2998 Brut.
550 2951 591 3011 75,
613 2950 677 3002 261:
701 2951 852 3010 Splendidam
877 2951 999 3013 quandam
1021 2951 1164 3013 minimeque
1180 2960 1267 3001 cetmo-

207 3020 293 3067 tormen
309 3019 424 3066 rationem
441 3020 537 3068 dicendi
550 3027 618 3069 tenet.

274 3087 342 3146 serie,
370 3084 419 3134 wic
437 3083 456 3136 Ι.
480 3089 504 3149 3,
524 3089 566 3139 to:
594 3089 741 3150 obscuritate,
769 3085 934 3150 adjectivisch
960 3085 1180 3149 wiedorzugeben:
1207 3086 1267 3134 olane

206 3154 265 3217 lang
282 3167 481 3218 ausgcsponnene
500 3154 681 3206 Discussionen.

274 3223 315 3274 69.
349 3225 483 3285 admiratio,
502 3223 553 3288 vgl.
576 3227 599 3284 3,
621 3227 648 3276 12
667 3241 698 3275 zu
714 3227 836 3276 admirati.

272 3301 300 3342 nt
317 3293 344 3340 in
362 3295 443 3342 ceteris
461 3300 507 3341 art.
544 3291 625 3344 Uebcr
643 3293 683 3344 dic
702 3293 875 3344 Construction
894 3309 913 3342 s.
932 3310 954 3343 z.
973 3295 1013 3356 14,
1032 3293 1076 3344 60:
1088 3295 1156 3356 fieri.

268 3361 422 3424 primarum:
441 3360 485 3409 dcr
502 3362 717 3426 vorziiglicbsten3
736 3362 787 3428 vgl.
805 3366 846 3424 55,
869 3364 931 3413 224:
951 3379 1005 3414 enm
1017 3365 1114 3424 primis.

270 3445 371 3495 ymera:
393 3429 540 3492 allgemoine
558 3429 653 3496 Typen,
672 3430 796 3495 Urbilder,
816 3430 865 3480 wie
886 3447 908 3483 z.
926 3431 952 3482 B.
973 3431 1012 3481 die
1031 3429 1200 3480 leststehendc
1217 3424 1267 3477 Ge-

203 3499 265 3548 stalt
283 3500 326 3549 dos
345 3495 464 3548 Hercules
481 3498 519 3549 als
537 3497 623 3565 Typus
639 3497 682 3549 fair
699 3501 770 3551 cinon
788 3497 916 3564 kriilligcn
937 3499 1011 3551 Manu
1029 3500 1177 3567 iiberbanpt.

266 3585 313 3630 per
332 3584 364 3630 ce,
384 3567 435 3631 vgl.
452 3567 493 3628 88,
513 3570 570 3625 360,
589 3568 611 3618 d.
630 3568 654 3618 b.
676 3570 738 3620 ohne
757 3584 782 3620 es
802 3570 937 3621 bosondcrs
955 3570 1054 3634 gelornt
1071 3585 1102 3620 zu
1121 3569 1209 3620 haben.

273 3639 313 3688 ld.
351 3641 505 3688 arbe-ciue:
528 3636 577 3687 soll
595 3637 634 3686 ich
651 3653 729 3702 sagon
755 3665 783 3674 —
803 3641 871 3700 oder,
887 3640 939 3704 vgl.
960 3645 983 3702 7,
1002 3641 1047 3693 29:
1074 3643 1122 3690 cive
1139 3643 1267 3703 artificium

204 3709 251 3754 siue
272 3708 377 3758 rtudimn
400 3708 500 3756 dicendi.
536 3705 569 3756 So
592 3707 656 3756 auch
684 3711 816 3769 uei—uel,
840 3708 888 3757 wie
908 3706 981 3760 Tusc.
1001 3708 1061 3774 disp.
1081 3707 1098 3758 l.
1120 3712 1145 3772 2,
1166 3711 1195 3759 3:
1212 3709 1269 3758 Sero

205 3776 279 3837 i'pitnr
295 3793 310 3824 a
328 3779 419 3826 nostris
434 3782 515 3836 podiae
531 3779 568 3827 out
586 3779 677 3841 copniti
686 3780 722 3826 cet
737 3779 829 3838 recepti.
1125 3775 1130 3784 '

272 3859 324 3894 cnm
343 3847 569 3908 aliquantasper,
589 3844 637 3894 wic
658 3847 697 3906 tt,
717 3847 1006 3909 ‘12:quintmmmm
1018 3843 1126 3906 futurus
1146 3848 1183 3894 nt.

272 3915 448 3974 quaesiturum:
466 3911 592 3977 'a'ngstlicb
609 3913 711 3974 sochen,
730 3913 755 3961 in
774 3912 955 3977 Vorlogenhoit
973 3913 1033 3962 sein.

271 3977 411 4044 Polyclitus
429 3996 477 4030 von
490 3980 582 4047 Sicyon
598 3996 652 4030 war
664 3981 734 4030 einer
748 3981 792 4031 der
806 3981 992 4031 boriihmteston
1011 3979 1145 4032 Bildhaucr
1161 3997 1203 4030 aus
1222 3979 1268 4029 der

203 4046 381 4113 pericleischeu
406 4047 470 4100 Zeit.
516 4050 610 4100 dusser
638 4049 692 4098 dem
721 4047 839 4099 llereulcs
867 4051 971 4100 riibrtcn
993 4065 1040 4100 von
1069 4049 1120 4100 ihm
1144 4050 1205 4099 noch
1222 4047 1268 4098 der

1229 4221 1239 4248 t
