2760 4520
213 341 215 346 ¹
250 331 292 383 nn
312 329 476 396 celsona,
496 332 540 384 ne.
561 331 591 384 n.
610 349 664 399 cip.
685 337 725 388 ss.
745 337 784 388 es.
806 333 823 400 s
843 335 988 390 aas-atr.
1091 301 1158 401 'ttt

78 495 108 550 et
131 488 259 566 quadam
282 488 418 550 comitate
440 506 474 548 ac
494 479 837 568 beneficentia'positae;
860 489 940 571 aliae,
963 490 1091 569 quaein
1112 490 1159 551 in·

77 573 158 653 genii
180 573 278 652 eliqua
300 573 435 634 facultate
458 581 509 636 aut
529 574 619 634 animi
642 575 841 653 magnitudine
863 593 897 636 ac
919 575 1039 640 robore.
1083 577 1159 638 Nam
1234 575 1239 582 '

78 659 244 732 clementia,
264 658 381 735 iustitia,
404 658 577 738 benignitas,
599 659 681 732 fides,
703 659 846 721 fortitudo
868 661 900 722 in
916 660 1054 740 periculis
1072 679 1157 722 com-

75 743 222 806 munibus
241 743 372 805 incunda
393 751 437 805 est
458 744 559 804 auditu
579 744 612 804 in
632 744 864 819 laudationibus3
887 763 992 808 omnes
1007 746 1087 807 enim
1102 746 1157 807 hae
1172 756 1229 808 344.

78 831 204 892 virtutes
226 846 289 890 non
311 837 372 891 tam
392 828 474 909 ipsis,
497 829 549 908 qni
571 848 619 890 eas
641 830 758 902 habent,
781 848 870 908 quam
885 832 985 910 generi
1001 831 1157 892 hominum

76 918 250 976 fructuosae
271 922 422 994 putantur.
458 915 604 994 Sapientia
626 923 655 977 et
668 915 838 994 magnitudo
856 917 954 993 animi,
975 935 1033 996 qua
1053 934 1158 978 omnes

76 1020 127 1062 res
151 1001 299 1062 hnmanae
321 1009 425 1062 tenues
447 1018 481 1061 ac
503 1018 558 1078 pro
582 1000 673 1062 nihilo
693 1009 844 1080 putantur,
864 1010 892 1063 et
911 1001 944 1063 in
966 1002 1157 1080 excogitando

77 1087 123 1147 vis
147 1085 293 1164 quaedam
315 1085 426 1164 ingenii
448 1093 477 1146 et
496 1086 560 1164 ipse
582 1085 747 1165 eloquentia
769 1087 969 1148 admirationis
989 1087 1076 1148 habet
1095 1105 1158 1147 non

77 1172 197 1244 muns,
229 1170 420 1232 iucunditatis
442 1170 557 1232 minus:
593 1172 675 1250 ipsos
703 1171 782 1232 enim
804 1172 896 1251 magis
918 1173 1052 1252 videtur,
1081 1190 1157 1251 quos

78 1257 256 1329 laudamus,
286 1274 376 1335 quem
398 1255 480 1328 illos,
505 1256 584 1334 apud
607 1274 683 1334 quos
701 1257 872 1330 laudamus,
895 1275 1002 1320 ornare
1021 1276 1054 1319 ac
1073 1257 1157 1319 tueri.

79 1342 139 1404 Sed
164 1341 317 1404 tamenin
339 1340 485 1402 laudando
508 1341 656 1420 iungenda
677 1351 747 1403 suut
768 1343 855 1404 etiam
878 1343 949 1404 baec
971 1361 1077 1422 genera
1099 1343 1158 1404 vir·

76 1437 191 1489 tntum.
235 1426 348 1488 Ferunt
370 1427 449 1488 enim
471 1445 558 1488 aures
580 1427 746 1503 hominum,
769 1445 838 1488 cum
858 1429 914 1501 illa,
934 1446 1009 1507 quae
1030 1428 1159 1491 iucunda

81 1521 110 1574 et
129 1521 223 1592 grata,
244 1520 309 1574 tum
332 1512 418 1574 etiam
439 1512 495 1586 illa,
516 1529 590 1590 quae
611 1511 754 1575 mirabilia
769 1514 886 1574 suntin
903 1514 1019 1596 virtute,
1039 1513 1159 1576 laudari.
1187 1547 1188 1550 =

78 1598 116 1660 Et
147 1597 292 1676 quoniam
319 1597 503 1676 singularum
530 1597 673 1660 virtutum
705 1608 776 1660 sunt
795 1607 874 1660 certa
896 1600 1040 1677 quaedam
1063 1599 1158 1661 officia
1171 1598 1290 1661 soem.

80 1702 114 1744 ac
138 1701 265 1744 munera
289 1693 317 1743 et
335 1701 389 1744 sua
408 1683 514 1761 cuique
536 1683 636 1744 virtuti
656 1684 721 1744 laus
743 1685 864 1762 propria
881 1683 1014 1758 debetur,
1036 1685 1090 1745 erit
1105 1704 1158 1745 ex-

77 1768 254 1849 plicandum
275 1767 307 1828 in
326 1768 412 1828 laude
433 1767 566 1840 iustitiae,
589 1769 660 1847 qnid
684 1787 752 1830 cum
773 1769 841 1842 fide,
864 1769 934 1847 quid
958 1788 1027 1830 cum
1049 1787 1158 1848 aequa-

78 1854 208 1926 bilitate,
231 1853 302 1932 quid
325 1871 393 1915 cum
415 1854 478 1914 eius
501 1853 583 1914 modi
603 1854 701 1932 aliquo
725 1854 823 1914 officio
846 1855 889 1926 is,
911 1855 963 1933 qui
984 1854 1158 1927 laudabitur,
1249 1895 1254 1900 -

77 1939 194 2001 fecerit.
245 1939 379 2017 Itemque
404 1937 436 1998 in
466 1939 569 1999 ceteris
600 1957 648 2000 res
677 1949 774 2018 gestae
804 1940 839 2001 ad
868 1940 1013 2018 citiusque
1042 1941 1158 2001 virtutis

80 2043 179 2104 genus
201 2031 229 2084 et
250 2023 310 2085 rim
332 2032 361 2084 et
382 2041 493 2086 nomen
515 2024 828 2085 accommodabuntur.
870 2025 1038 2087 Gratissima
1060 2033 1157 2085 autem
1170 2033 1227 2084 346.

78 2113 146 2172 laus
174 2126 281 2170 eorum
304 2112 450 2170 sectorum
473 2108 609 2183 habetur,
639 2127 714 2188 quae
736 2118 870 2189 suscepte
891 2109 1029 2171 videntur
1051 2129 1067 2171 a
1088 2109 1158 2170 viris

79 2194 213 2258 sortibus
236 2194 301 2256 sine
329 2195 529 2258 emolumento
552 2213 585 2256 ac
606 2195 756 2274 praemi03
791 2213 957 2274 quaerero
980 2196 1066 2257 etiam
1089 2213 1157 2256 eum

79 2281 185 2344 labore
209 2288 238 2340 et
259 2280 390 2359 periculo
412 2281 558 2359 ipsorum,
580 2280 783 2348 haechabent
795 2281 976 2343 uberrimam
991 2281 1106 2359 copiam
1121 2280 1158 2342 ad

78 2365 274 2445 laudandum,
297 2365 377 2444 quod
401 2375 430 2426 et
448 2365 504 2426 dici
521 2366 707 2428 ornatissime
723 2375 850 2445 possunt
864 2375 891 2427 et
905 2366 999 2428 audiri
1014 2366 1158 2428 facillime.

77 2454 119 2514 Ea
144 2452 226 2512 enim
250 2450 377 2530 denique
399 2452 492 2512 virtus
515 2470 580 2512 esse
603 2451 719 2513 videtur
740 2452 914 2531 praestantis
936 2452 1000 2525 viri,
1022 2460 1157 2531 quaeest

78 2541 235 2600 fructuosa
258 2535 328 2610 aliis,
349 2537 406 2616 ipsi
428 2546 479 2598 aut
498 2535 645 2600 laboriosa
666 2547 717 2599 aut
737 2538 901 2624 periculosa
923 2545 973 2599 ant
995 2547 1072 2599 certe
1088 2556 1155 2616 gra-

76 2625 160 2688 tuita.
206 2621 310 2701 Magna
333 2621 418 2684 etiam
440 2622 488 2684 illa
508 2623 572 2684 lans
595 2631 624 2683 et
645 2622 822 2684 admirabilis
844 2623 937 2684 rideri
959 2623 1032 2684 solet
1056 2623 1155 2684 tulisse

77 2728 165 2771 casus
190 2707 338 2786 sapienter
360 2708 511 2788 adversos,
531 2725 595 2768 non
617 2711 744 2770 fractum
767 2727 831 2770 esse
848 2710 977 2782 fortuna,
999 2708 1154 2769 retinuisse

75 2796 107 2856 in
136 2793 231 2856 rebus
261 2793 372 2872 asperis
401 2793 579 2873 dignitatem.
621 2794 725 2872 Neque
752 2802 852 2854 tamen
880 2794 927 2854 illa
954 2811 1017 2855 non
1039 2801 1155 2873 ornant,
1167 2798 1225 2849 341.

76 2879 166 2942 habiti
196 2879 341 2952 honores,
371 2879 487 2940 decreta
516 2878 631 2941 virtutis
660 2880 805 2958 praemia,
838 2897 886 2940 res
913 2888 1010 2958 gestae
1037 2878 1153 2940 iudiciis

70 3081 178 3134 Formen
200 3079 281 3130 durch
302 3079 502 3145 eingeschobene
521 3080 632 3132 W’o'rter
648 3087 766 3145 getrennt
780 3082 890 3132 werden.
920 3080 980 3147 Vgl.
992 3079 1034 3132 lll.
1050 3084 1090 3147 tt,
1106 3084 1152 3134 55:

73 3155 114 3202 sed
127 3161 209 3204 tamen
226 3159 260 3200 est
276 3154 351 3210 speeie
370 3153 420 3202 ab'a
437 3154 514 3216 magia
531 3153 580 3200 eleb
592 3152 707 3213 formosa
724 3161 746 3202 et
762 3153 874 3203 struere.

137 3222 248 3283 postiae:
263 3218 334 3268 ihren
355 3216 441 3269 Grund
460 3218 548 3272 beben.

140 3291 202 3342 344.
237 3290 368 3353 iungenda,
386 3287 458 3340 neml.
476 3290 642 3349 melotibus
658 3289 795 3339 sineere.

142 3369 198 3430 85.
229 3374 288 3426 345.
318 3389 435 3425 mussare:
452 3373 668 3438 Verrichtnngen‚
689 3371 912 3437 Obliegenheiten3
939 3389 1027 3423 suc—
1038 3373 1151 3434 propria,

74 3441 185 3493 disselbe
197 3441 362 3506 Verbindnng
380 3441 430 3493 wie
449 3440 469 3492 l.
485 3444 527 3504 10,
547 3445 596 3509 443
616 3445 657 3506 13,
678 3445 724 3495 56:
742 3459 787 3493 m
803 3458 852 3493 esse
871 3445 928 3493 baec
947 3445 1027 3492 οηιπία
1038 3443 1150 3502 proptia.

141 3515 225 3576 aliquo
245 3513 341 3575 officio,
367 3513 573 3574 s.z.112,178:
606 3515 705 3576 aliqum
736 3514 989 3563 accommodabuntur:
1015 3507 1152 3559 bourthoilt

71 3580 173 3630 werden
193 3581 258 3630 nach
273 3606 315 3631 —.

144 3651 204 3702 346.
232 3664 301 3700 coro:
319 3647 449 3712 vollends3
467 3651 581 3713 dentque:
598 3654 659 3712 cest,
678 3646 727 3698 wie
740 3650 782 3714 34,
799 3650 847 3702 146
859 3646 910 3698 und
923 3649 964 3709 tt,
978 3647 1041 3712 315,
1059 3647 1150 3708 tulisse,

72 3716 179 3782 Subject
197 3733 230 3767 zu
249 3722 310 3778 laus,
328 3715 377 3768 wie
390 3718 431 3782 84,
450 3718 514 3772 342:
531 3721 650 3769 extulisse.

143 3789 203 3842 347.
220 3789 318 3839 eirtrcs'a
333 3789 452 3848 praemia.
472 3783 510 3836 Zu
527 3787 582 3836 dem
601 3783 662 3836 Gen.
680 3785 732 3849 vgl.
748 3783 791 3835 ΠΙ.
812 3787 853 3850 21,
876 3787 936 3838 104:
955 3785 1064 3834 omnibus
1080 3785 1112 3832 iia
1123 3786 1151 3833 in

72 3858 139 3917 ocis,
157 3872 217 3920 quoe
234 3859 268 3906 ad
277 3859 354 3919 fidem
372 3859 488 3906 outone
498 3856 641 3918 sumendam
659 3857 771 3906 adbibere·
786 3857 847 3905 dixit
864 3857 997 3915 Antonius,
1014 3867 1055 3903 wo
1075 3851 1149 3903 eben·

71 3921 133 3975 falls
158 3923 205 3974 mit
228 3923 299 3979 einer
321 3923 443 3988 geringen
460 3922 610 3988 Aeuderung
628 3923 671 3973 des
689 3921 778 3972 Sinnes
796 3923 841 3973 der
860 3921 918 3973 Dat.
939 3927 1004 3972 statt
1022 3923 1065 3973 dos
1086 3919 1149 3971 Gen.

71 3994 164 4044 stetten
182 3993 283 4046 libante.

126 4084 202 4128 Cicero
215 4083 242 4125 de
256 4085 347 4126 oratore.
368 4083 396 4124 11.
909 4079 940 4129 12
