<?xml version="1.0" encoding="UTF-8"?>
<!DOCTYPE html PUBLIC "-//W3C//DTD XHTML 1.0 Transitional//EN"
    "http://www.w3.org/TR/xhtml1/DTD/xhtml1-transitional.dtd">
<html xmlns="http://www.w3.org/1999/xhtml" xml:lang="en" lang="en">
 <head>
  <title>
</title>
<meta http-equiv="Content-Type" content="text/html;charset=utf-8" />
  <meta name='ocr-system' content='tesseract 3.04.00' />
  <meta name='ocr-capabilities' content='ocr_page ocr_carea ocr_par ocr_line ocrx_word'/>
</head>
<body>
  <div class='ocr_page' id='page_1' title='image "./mtulliiciceroni79cicegoog/mtulliiciceroni79cicegoog_0325.png"; bbox 0 0 2750 4526; ppageno 0'>
   <div class='ocr_carea' id='block_1_1' title="bbox 96 299 1358 2160">
    <p class='ocr_par' dir='ltr' id='par_1_1' title="bbox 156 69 1357 1630">
     <span class='ocr_line' id='line_1_1' title="bbox 233 299 1120 368; baseline -0.003 -14"><span class='ocrx_word' id='word_1_1' title='bbox 233 303 294 368; x_wconf 80' lang='lat'><strong>106</strong></span> <span class='ocrx_word' id='word_1_2' title='bbox 410 300 739 366; x_wconf 72' lang='lat' dir='ltr'><strong>nunnamenster</strong></span> <span class='ocrx_word' id='word_1_3' title='bbox 760 303 867 368; x_wconf 70' lang='lat' dir='ltr'><strong>apso.</strong></span> <span class='ocrx_word' id='word_1_4' title='bbox 889 299 1120 366; x_wconf 61' lang='lat' dir='ltr'><strong>steros-roe.</strong></span> 
     </span>
     <span class='ocr_line' id='line_1_2' title="bbox 1355 409 1356 444; baseline 0 0"><span class='ocrx_word' id='word_1_5' title='bbox 1355 409 1356 444; x_wconf 81' lang='lat' dir='ltr'><strong>i</strong></span> 
     </span>
     <span class='ocr_line' id='line_1_3' title="bbox 231 455 1356 537; baseline -0.007 -17"><span class='ocrx_word' id='word_1_6' title='bbox 231 459 299 520; x_wconf 91' lang='lat' dir='ltr'><strong>bani</strong></span> <span class='ocrx_word' id='word_1_7' title='bbox 329 458 519 534; x_wconf 76' lang='lat' dir='ltr'>seditionem,</span> <span class='ocrx_word' id='word_1_8' title='bbox 550 457 602 519; x_wconf 89' lang='lat' dir='ltr'><strong>sed</strong></span> <span class='ocrx_word' id='word_1_9' title='bbox 631 457 734 537; x_wconf 92' lang='lat' dir='ltr'><strong>populi</strong></span> <span class='ocrx_word' id='word_1_10' title='bbox 754 455 881 524; x_wconf 86' lang='lat' dir='ltr'><strong>Romani</strong></span> <span class='ocrx_word' id='word_1_11' title='bbox 909 457 1092 519; x_wconf 79' lang='lat' dir='ltr'>iracundiam</span> <span class='ocrx_word' id='word_1_12' title='bbox 1115 473 1214 535; x_wconf 88' lang='lat' dir='ltr'><strong>neque</strong></span> <span class='ocrx_word' id='word_1_13' title='bbox 1234 469 1296 516; x_wconf 90' lang='lat' dir='ltr'><strong>eam</strong></span> <span class='ocrx_word' id='word_1_14' title='bbox 1355 485 1356 494; x_wconf 34' lang='grc' dir='ltr'>ι</span> 
     </span>
     <span class='ocr_line' id='line_1_4' title="bbox 230 537 1296 615; baseline -0.009 -10"><span class='ocrx_word' id='word_1_15' title='bbox 230 545 384 615; x_wconf 87' lang='lat' dir='ltr'><strong>iniustam,</strong></span> <span class='ocrx_word' id='word_1_16' title='bbox 416 543 466 605; x_wconf 83' lang='lat' dir='ltr'><strong>sed</strong></span> <span class='ocrx_word' id='word_1_17' title='bbox 490 542 624 604; x_wconf 91' lang='lat' dir='ltr'><strong>meritam</strong></span> <span class='ocrx_word' id='word_1_18' title='bbox 644 562 677 604; x_wconf 90' lang='lat' dir='ltr'><strong>ac</strong></span> <span class='ocrx_word' id='word_1_19' title='bbox 699 541 826 604; x_wconf 75' lang='lat' dir='ltr'>debitam</span> <span class='ocrx_word' id='word_1_20' title='bbox 846 542 938 604; x_wconf 86' lang='lat' dir='ltr'><strong>fuisse</strong></span> <span class='ocrx_word' id='word_1_21' title='bbox 959 541 1143 604; x_wconf 75' lang='lat' dir='ltr'><strong>defenderes.</strong></span> <span class='ocrx_word' id='word_1_22' title='bbox 1187 537 1296 602; x_wconf 84' lang='lat' dir='ltr'><strong>Deinde</strong></span> 
     </span>
     <span class='ocr_line' id='line_1_5' title="bbox 232 624 1295 709; baseline 0.001 -19"><span class='ocrx_word' id='word_1_23' title='bbox 232 630 283 709; x_wconf 89' lang='lat' dir='ltr'><strong>qui</strong></span> <span class='ocrx_word' id='word_1_24' title='bbox 310 629 393 690; x_wconf 91' lang='lat' dir='ltr'><strong>locus</strong></span> <span class='ocrx_word' id='word_1_25' title='bbox 424 647 439 689; x_wconf 89' lang='lat' dir='ltr'><strong>a</strong></span> <span class='ocrx_word' id='word_1_26' title='bbox 467 638 494 690; x_wconf 92' lang='lat' dir='ltr'><strong>te</strong></span> <span class='ocrx_word' id='word_1_27' title='bbox 516 629 741 708; x_wconf 88' lang='lat' dir='ltr'><strong>praetermissus</strong></span> <span class='ocrx_word' id='word_1_28' title='bbox 770 637 814 690; x_wconf 90' lang='lat' dir='ltr'><strong>est</strong></span> <span class='ocrx_word' id='word_1_29' title='bbox 840 627 871 688; x_wconf 91' lang='lat' dir='ltr'><strong>in</strong></span> <span class='ocrx_word' id='word_1_30' title='bbox 901 624 1101 707; x_wconf 74' lang='lat' dir='ltr'><strong>Caepionem?</strong></span> <span class='ocrx_word' id='word_1_31' title='bbox 1143 627 1182 690; x_wconf 90' lang='lat' dir='ltr'><strong>Ut</strong></span> <span class='ocrx_word' id='word_1_32' title='bbox 1199 637 1232 690; x_wconf 91' lang='lat' dir='ltr'><strong>tu</strong></span> <span class='ocrx_word' id='word_1_33' title='bbox 1252 624 1295 691; x_wconf 84' lang='lat' dir='ltr'><strong>illa</strong></span> 
     </span>
     <span class='ocr_line' id='line_1_6' title="bbox 231 711 1294 793; baseline 0.002 -19"><span class='ocrx_word' id='word_1_34' title='bbox 231 715 334 776; x_wconf 86' lang='lat' dir='ltr'><strong>omnia</strong></span> <span class='ocrx_word' id='word_1_35' title='bbox 348 714 425 787; x_wconf 87' lang='lat' dir='ltr'><strong>odio,</strong></span> <span class='ocrx_word' id='word_1_36' title='bbox 437 713 554 786; x_wconf 85' lang='lat' dir='ltr'><strong>invidia,</strong></span> <span class='ocrx_word' id='word_1_37' title='bbox 577 711 778 777; x_wconf 88' lang='lat' dir='ltr'><strong>misericordia</strong></span> <span class='ocrx_word' id='word_1_38' title='bbox 792 711 947 774; x_wconf 75' lang='lat' dir='ltr'><strong>miscuisti!</strong></span> <span class='ocrx_word' id='word_1_39' title='bbox 991 714 1093 793; x_wconf 85' lang='lat' dir='ltr'><strong>Neque</strong></span> <span class='ocrx_word' id='word_1_40' title='bbox 1107 713 1180 776; x_wconf 89' lang='lat' dir='ltr'><strong>baec</strong></span> <span class='ocrx_word' id='word_1_41' title='bbox 1202 714 1294 776; x_wconf 84' lang='lat' dir='ltr'><strong>solnm</strong></span> 
     </span>
     <span class='ocr_line' id='line_1_7' title="bbox 230 798 1294 878; baseline 0.001 -17"><span class='ocrx_word' id='word_1_42' title='bbox 230 801 262 861; x_wconf 91' lang='lat' dir='ltr'><strong>in</strong></span> <span class='ocrx_word' id='word_1_43' title='bbox 285 800 471 873; x_wconf 86' lang='lat' dir='ltr'><strong>defensione,</strong></span> <span class='ocrx_word' id='word_1_44' title='bbox 501 798 551 860; x_wconf 87' lang='lat' dir='ltr'><strong>sed</strong></span> <span class='ocrx_word' id='word_1_45' title='bbox 580 799 666 862; x_wconf 90' lang='lat' dir='ltr'><strong>etiam</strong></span> <span class='ocrx_word' id='word_1_46' title='bbox 692 798 724 859; x_wconf 90' lang='lat' dir='ltr'><strong>in</strong></span> <span class='ocrx_word' id='word_1_47' title='bbox 745 800 856 860; x_wconf 83' lang='lat' dir='ltr'><strong>Scauro</strong></span> <span class='ocrx_word' id='word_1_48' title='bbox 887 799 1051 878; x_wconf 88' lang='lat' dir='ltr'><strong>ceterisque</strong></span> <span class='ocrx_word' id='word_1_49' title='bbox 1071 798 1146 860; x_wconf 89' lang='lat' dir='ltr'><strong>meis</strong></span> <span class='ocrx_word' id='word_1_50' title='bbox 1167 799 1294 872; x_wconf 87' lang='lat' dir='ltr'><strong>testibus,</strong></span> 
     </span>
     <span class='ocr_line' id='line_1_8' title="bbox 231 883 1294 965; baseline 0 -19"><span class='ocrx_word' id='word_1_51' title='bbox 231 903 360 965; x_wconf 88' lang='lat' dir='ltr'><strong>quorum</strong></span> <span class='ocrx_word' id='word_1_52' title='bbox 383 884 548 946; x_wconf 90' lang='lat' dir='ltr'><strong>testimonia</strong></span> <span class='ocrx_word' id='word_1_53' title='bbox 570 902 632 945; x_wconf 90' lang='lat' dir='ltr'><strong>non</strong></span> <span class='ocrx_word' id='word_1_54' title='bbox 654 883 829 958; x_wconf 86' lang='lat' dir='ltr'><strong>refellendo,</strong></span> <span class='ocrx_word' id='word_1_55' title='bbox 858 883 910 946; x_wconf 89' lang='lat' dir='ltr'><strong>sed</strong></span> <span class='ocrx_word' id='word_1_56' title='bbox 939 884 976 944; x_wconf 90' lang='lat' dir='ltr'><strong>ad</strong></span> <span class='ocrx_word' id='word_1_57' title='bbox 1003 883 1132 945; x_wconf 89' lang='lat' dir='ltr'><strong>eundem</strong></span> <span class='ocrx_word' id='word_1_58' title='bbox 1153 884 1294 963; x_wconf 88' lang='lat' dir='ltr'><strong>impetum</strong></span> 
     </span>
     <span class='ocr_line' id='line_1_9' title="bbox 156 969 1292 1050; baseline 0.002 -20"><span class='ocrx_word' id='word_1_59' title='bbox 156 979 215 1030; x_wconf 79' lang='lat'>204.</span> <span class='ocrx_word' id='word_1_60' title='bbox 231 971 333 1050; x_wconf 92' lang='lat' dir='ltr'><strong>populi</strong></span> <span class='ocrx_word' id='word_1_61' title='bbox 355 969 553 1050; x_wconf 77' lang='lat' dir='ltr'><strong>confugiendo</strong></span> <span class='ocrx_word' id='word_1_62' title='bbox 575 969 717 1031; x_wconf 81' lang='lat' dir='ltr'><strong>refutasti.</strong></span> <span class='ocrx_word' id='word_1_63' title='bbox 760 969 842 1042; x_wconf 85' lang='lat' dir='ltr'><strong>Quae</strong></span> <span class='ocrx_word' id='word_1_64' title='bbox 857 986 925 1030; x_wconf 93' lang='lat' dir='ltr'><strong>cum</strong></span> <span class='ocrx_word' id='word_1_65' title='bbox 941 969 992 1031; x_wconf 88' lang='lat' dir='ltr'><strong>abs</strong></span> <span class='ocrx_word' id='word_1_66' title='bbox 1013 977 1042 1030; x_wconf 88' lang='lat' dir='ltr'><strong>te</strong></span> <span class='ocrx_word' id='word_1_67' title='bbox 1057 969 1148 1030; x_wconf 93' lang='lat' dir='ltr'><strong>modo</strong></span> <span class='ocrx_word' id='word_1_68' title='bbox 1165 987 1292 1032; x_wconf 88' lang='lat' dir='ltr'><strong>comme-</strong></span> 
     </span>
     <span class='ocr_line' id='line_1_10' title="bbox 221 1054 1292 1134; baseline 0 -18"><span class='ocrx_word' id='word_1_69' title='bbox 221 1065 427 1134; x_wconf 85' lang='lat' dir='ltr'><strong>morarentur,</strong></span> <span class='ocrx_word' id='word_1_70' title='bbox 442 1055 579 1134; x_wconf 87' lang='lat' dir='ltr'><strong>equidem</strong></span> <span class='ocrx_word' id='word_1_71' title='bbox 595 1055 673 1117; x_wconf 85' lang='lat' dir='ltr'><strong>nulia</strong></span> <span class='ocrx_word' id='word_1_72' title='bbox 688 1062 841 1134; x_wconf 89' lang='lat' dir='ltr'><strong>praecepta</strong></span> <span class='ocrx_word' id='word_1_73' title='bbox 855 1054 1075 1128; x_wconf 88' lang='lat' dir='ltr'><strong>desiderabam;</strong></span> <span class='ocrx_word' id='word_1_74' title='bbox 1089 1054 1186 1134; x_wconf 89' lang='lat' dir='ltr'><strong>ipsam</strong></span> <span class='ocrx_word' id='word_1_75' title='bbox 1201 1063 1292 1118; x_wconf 89' lang='lat' dir='ltr'><strong>tamen</strong></span> 
     </span>
     <span class='ocr_line' id='line_1_11' title="bbox 230 1139 1357 1220; baseline 0.002 -19"><span class='ocrx_word' id='word_1_76' title='bbox 230 1142 315 1202; x_wconf 87' lang='lat' dir='ltr'><strong>istam</strong></span> <span class='ocrx_word' id='word_1_77' title='bbox 338 1140 619 1202; x_wconf 77' lang='lat' dir='ltr'><strong>demonstrationem</strong></span> <span class='ocrx_word' id='word_1_78' title='bbox 641 1140 849 1200; x_wconf 87' lang='lat' dir='ltr'><strong>defensionum</strong></span> <span class='ocrx_word' id='word_1_79' title='bbox 864 1149 982 1202; x_wconf 91' lang='lat' dir='ltr'><strong>tuarum</strong></span> <span class='ocrx_word' id='word_1_80' title='bbox 1006 1139 1071 1216; x_wconf 89' lang='lat' dir='ltr'><strong>[abs</strong></span> <span class='ocrx_word' id='word_1_81' title='bbox 1088 1141 1199 1220; x_wconf 88' lang='lat' dir='ltr'><strong>teipso</strong></span> <span class='ocrx_word' id='word_1_82' title='bbox 1215 1157 1292 1203; x_wconf 89' lang='lat' dir='ltr'><strong>ccm-</strong></span> <span class='ocrx_word' id='word_1_83' title='bbox 1356 1181 1357 1188; x_wconf 31' lang='grc' dir='ltr'>ι</span> 
     </span>
     <span class='ocr_line' id='line_1_12' title="bbox 230 1225 1293 1306; baseline 0.002 -20"><span class='ocrx_word' id='word_1_84' title='bbox 230 1227 436 1302; x_wconf 87' lang='lat' dir='ltr'><strong>memoratam]</strong></span> <span class='ocrx_word' id='word_1_85' title='bbox 460 1225 621 1286; x_wconf 82' lang='lat' dir='ltr'><strong>doctrinam</strong></span> <span class='ocrx_word' id='word_1_86' title='bbox 643 1243 707 1286; x_wconf 87' lang='lat' dir='ltr'><strong>esse</strong></span> <span class='ocrx_word' id='word_1_87' title='bbox 729 1243 790 1286; x_wconf 92' lang='lat' dir='ltr'><strong>non</strong></span> <span class='ocrx_word' id='word_1_88' title='bbox 814 1225 993 1287; x_wconf 82' lang='lat' dir='ltr'><strong>mediocrem</strong></span> <span class='ocrx_word' id='word_1_89' title='bbox 1014 1234 1097 1304; x_wconf 89' lang='lat' dir='ltr'><strong>puto.</strong></span> <span class='ocrx_word' id='word_1_90' title='bbox 1140 1227 1246 1306; x_wconf 79' lang='lat' dir='ltr'><strong>Atqui,</strong></span> <span class='ocrx_word' id='word_1_91' title='bbox 1272 1228 1293 1288; x_wconf 88' lang='lat' dir='ltr'><strong>si</strong></span> 
     </span>
     <span class='ocr_line' id='line_1_13' title="bbox 229 1309 1292 1392; baseline 0.001 -21"><span class='ocrx_word' id='word_1_92' title='bbox 229 1311 268 1372; x_wconf 91' lang='lat' dir='ltr'><strong>ita</strong></span> <span class='ocrx_word' id='word_1_93' title='bbox 288 1311 390 1389; x_wconf 88' lang='lat' dir='ltr'><strong>placet,</strong></span> <span class='ocrx_word' id='word_1_94' title='bbox 412 1311 509 1390; x_wconf 92' lang='lat' dir='ltr'><strong>inquit</strong></span> <span class='ocrx_word' id='word_1_95' title='bbox 530 1309 683 1384; x_wconf 80' lang='lat' dir='ltr'><strong>Antonius,</strong></span> <span class='ocrx_word' id='word_1_96' title='bbox 702 1310 851 1372; x_wconf 90' lang='lat' dir='ltr'><strong>trademus</strong></span> <span class='ocrx_word' id='word_1_97' title='bbox 870 1311 965 1383; x_wconf 90' lang='lat' dir='ltr'><strong>etiam,</strong></span> <span class='ocrx_word' id='word_1_98' title='bbox 986 1328 1061 1388; x_wconf 91' lang='lat' dir='ltr'><strong>quae</strong></span> <span class='ocrx_word' id='word_1_99' title='bbox 1083 1328 1139 1372; x_wconf 92' lang='lat' dir='ltr'><strong>nos</strong></span> <span class='ocrx_word' id='word_1_100' title='bbox 1161 1312 1247 1392; x_wconf 86' lang='lat' dir='ltr'><strong>sequi</strong></span> <span class='ocrx_word' id='word_1_101' title='bbox 1266 1313 1292 1372; x_wconf 94' lang='lat' dir='ltr'><strong>in</strong></span> 
     </span>
     <span class='ocr_line' id='line_1_14' title="bbox 231 1395 1293 1474; baseline 0.003 -18"><span class='ocrx_word' id='word_1_102' title='bbox 231 1396 355 1456; x_wconf 89' lang='lat' dir='ltr'><strong>dicendo</strong></span> <span class='ocrx_word' id='word_1_103' title='bbox 379 1413 512 1474; x_wconf 89' lang='lat' dir='ltr'><strong>quaeque</strong></span> <span class='ocrx_word' id='word_1_104' title='bbox 535 1396 660 1456; x_wconf 86' lang='lat' dir='ltr'><strong>maxime</strong></span> <span class='ocrx_word' id='word_1_105' title='bbox 682 1403 813 1474; x_wconf 85' lang='lat' dir='ltr'><strong>spectare</strong></span> <span class='ocrx_word' id='word_1_106' title='bbox 835 1395 973 1458; x_wconf 87' lang='lat' dir='ltr'><strong>solemus.</strong></span> <span class='ocrx_word' id='word_1_107' title='bbox 1011 1397 1118 1458; x_wconf 88' lang='lat' dir='ltr'><strong>Docuit</strong></span> <span class='ocrx_word' id='word_1_108' title='bbox 1139 1397 1220 1458; x_wconf 81' lang='lat' dir='ltr'><strong>eninr</strong></span> <span class='ocrx_word' id='word_1_109' title='bbox 1240 1398 1293 1459; x_wconf 85' lang='lat' dir='ltr'><strong>iarn</strong></span> 
     </span>
     <span class='ocr_line' id='line_1_15' title="bbox 231 1480 1291 1560; baseline 0.002 -20"><span class='ocrx_word' id='word_1_110' title='bbox 231 1499 286 1541; x_wconf 88' lang='lat' dir='ltr'><strong>nos</strong></span> <span class='ocrx_word' id='word_1_111' title='bbox 316 1482 402 1560; x_wconf 84' lang='lat' dir='ltr'><strong>longa</strong></span> <span class='ocrx_word' id='word_1_112' title='bbox 424 1481 481 1542; x_wconf 88' lang='lat' dir='ltr'><strong>vita</strong></span> <span class='ocrx_word' id='word_1_113' title='bbox 504 1499 636 1560; x_wconf 85' lang='lat' dir='ltr'><strong>ususque</strong></span> <span class='ocrx_word' id='word_1_114' title='bbox 658 1498 759 1542; x_wconf 90' lang='lat' dir='ltr'><strong>rerum</strong></span> <span class='ocrx_word' id='word_1_115' title='bbox 783 1482 994 1553; x_wconf 86' lang='lat' dir='ltr'><strong>maximarum,</strong></span> <span class='ocrx_word' id='word_1_116' title='bbox 1016 1489 1049 1542; x_wconf 90' lang='lat' dir='ltr'><strong>ut</strong></span> <span class='ocrx_word' id='word_1_117' title='bbox 1071 1480 1180 1560; x_wconf 87' lang='lat' dir='ltr'><strong>quibus</strong></span> <span class='ocrx_word' id='word_1_118' title='bbox 1209 1482 1291 1544; x_wconf 76' lang='lat' dir='ltr'><strong>rebus</strong></span> 
     </span>
     <span class='ocr_line' id='line_1_16' title="bbox 164 1566 906 1630; baseline 0.004 -4"><span class='ocrx_word' id='word_1_119' title='bbox 164 1567 165 1570; x_wconf 72' lang='grc'>’</span> <span class='ocrx_word' id='word_1_120' title='bbox 232 1566 322 1626; x_wconf 93' lang='lat' dir='ltr'><strong>animi</strong></span> <span class='ocrx_word' id='word_1_121' title='bbox 344 1566 499 1628; x_wconf 90' lang='lat' dir='ltr'><strong>bominum</strong></span> <span class='ocrx_word' id='word_1_122' title='bbox 521 1574 710 1628; x_wconf 89' lang='lat' dir='ltr'><strong>moverentur</strong></span> <span class='ocrx_word' id='word_1_123' title='bbox 730 1574 906 1630; x_wconf 88' lang='lat' dir='ltr'><strong>teneremus.</strong></span> 
     </span>
    </p>

    <p class='ocr_par' dir='ltr' id='par_1_2' title="bbox 96 1650 1358 2072">
     <span class='ocr_line' id='line_1_17' title="bbox 96 1650 1292 1731; baseline -0.01 -6"><span class='ocrx_word' id='word_1_124' title='bbox 96 1662 217 1725; x_wconf 73' lang='grc'><strong>51205.</strong></span> <span class='ocrx_word' id='word_1_125' title='bbox 316 1651 461 1731; x_wconf 78' lang='lat' dir='ltr'><strong>Equidem</strong></span> <span class='ocrx_word' id='word_1_126' title='bbox 493 1652 621 1731; x_wconf 89' lang='lat' dir='ltr'><strong>primurn</strong></span> <span class='ocrx_word' id='word_1_127' title='bbox 656 1650 842 1712; x_wconf 88' lang='lat' dir='ltr'><strong>considerare</strong></span> <span class='ocrx_word' id='word_1_128' title='bbox 873 1652 970 1724; x_wconf 90' lang='lat' dir='ltr'><strong>soleo,</strong></span> <span class='ocrx_word' id='word_1_129' title='bbox 1002 1651 1170 1730; x_wconf 86' lang='lat' dir='ltr'><strong>postuletne</strong></span> <span class='ocrx_word' id='word_1_130' title='bbox 1202 1672 1292 1716; x_wconf 81' lang='lat' dir='ltr'><strong>eausa.</strong></span> 
     </span>
     <span class='ocr_line' id='line_1_18' title="bbox 231 1732 1292 1816; baseline 0.004 -19"><span class='ocrx_word' id='word_1_131' title='bbox 231 1736 304 1798; x_wconf 89' lang='lat' dir='ltr'><strong>Nam</strong></span> <span class='ocrx_word' id='word_1_132' title='bbox 327 1755 424 1816; x_wconf 86' lang='lat' dir='ltr'><strong>neque</strong></span> <span class='ocrx_word' id='word_1_133' title='bbox 442 1737 539 1815; x_wconf 85' lang='lat' dir='ltr'><strong>parvis</strong></span> <span class='ocrx_word' id='word_1_134' title='bbox 561 1737 592 1800; x_wconf 90' lang='lat' dir='ltr'><strong>in</strong></span> <span class='ocrx_word' id='word_1_135' title='bbox 612 1736 702 1798; x_wconf 90' lang='lat' dir='ltr'><strong>rebus</strong></span> <span class='ocrx_word' id='word_1_136' title='bbox 722 1732 905 1798; x_wconf 90' lang='lat' dir='ltr'><strong>adhibendae</strong></span> <span class='ocrx_word' id='word_1_137' title='bbox 925 1743 996 1798; x_wconf 89' lang='lat' dir='ltr'><strong>sunt</strong></span> <span class='ocrx_word' id='word_1_138' title='bbox 1009 1736 1063 1798; x_wconf 91' lang='lat' dir='ltr'><strong>bae</strong></span> <span class='ocrx_word' id='word_1_139' title='bbox 1083 1737 1200 1799; x_wconf 87' lang='lat' dir='ltr'><strong>dicendi</strong></span> <span class='ocrx_word' id='word_1_140' title='bbox 1223 1741 1292 1802; x_wconf 87' lang='lat' dir='ltr'><strong>faces</strong></span> 
     </span>
     <span class='ocr_line' id='line_1_19' title="bbox 229 1821 1292 1902; baseline 0.004 -20"><span class='ocrx_word' id='word_1_141' title='bbox 229 1840 326 1902; x_wconf 89' lang='lat' dir='ltr'><strong>neque</strong></span> <span class='ocrx_word' id='word_1_142' title='bbox 348 1823 386 1883; x_wconf 92' lang='lat' dir='ltr'><strong>ita</strong></span> <span class='ocrx_word' id='word_1_143' title='bbox 408 1823 540 1884; x_wconf 87' lang='lat' dir='ltr'><strong>animatis</strong></span> <span class='ocrx_word' id='word_1_144' title='bbox 562 1821 741 1895; x_wconf 91' lang='lat' dir='ltr'><strong>hominibus,</strong></span> <span class='ocrx_word' id='word_1_145' title='bbox 764 1830 797 1882; x_wconf 88' lang='lat' dir='ltr'><strong>ut</strong></span> <span class='ocrx_word' id='word_1_146' title='bbox 818 1822 890 1883; x_wconf 88' lang='lat' dir='ltr'><strong>nibil</strong></span> <span class='ocrx_word' id='word_1_147' title='bbox 911 1822 947 1883; x_wconf 92' lang='lat' dir='ltr'><strong>ad</strong></span> <span class='ocrx_word' id='word_1_148' title='bbox 969 1840 1073 1882; x_wconf 89' lang='lat' dir='ltr'><strong>eorum</strong></span> <span class='ocrx_word' id='word_1_149' title='bbox 1100 1824 1208 1886; x_wconf 87' lang='lat' dir='ltr'><strong>mentis</strong></span> <span class='ocrx_word' id='word_1_150' title='bbox 1232 1843 1292 1886; x_wconf 92' lang='lat' dir='ltr'><strong>ora-</strong></span> 
     </span>
     <span class='ocr_line' id='line_1_20' title="bbox 229 1906 1290 1987; baseline 0.003 -20"><span class='ocrx_word' id='word_1_151' title='bbox 229 1907 309 1968; x_wconf 88' lang='lat' dir='ltr'><strong>tioue</strong></span> <span class='ocrx_word' id='word_1_152' title='bbox 331 1907 487 1970; x_wconf 81' lang='lat' dir='ltr'><strong>flectendas</strong></span> <span class='ocrx_word' id='word_1_153' title='bbox 513 1908 658 1987; x_wconf 86' lang='lat' dir='ltr'><strong>proficere</strong></span> <span class='ocrx_word' id='word_1_154' title='bbox 679 1907 845 1986; x_wconf 89' lang='lat' dir='ltr'><strong>possimus,</strong></span> <span class='ocrx_word' id='word_1_155' title='bbox 869 1925 906 1968; x_wconf 92' lang='lat' dir='ltr'><strong>ne</strong></span> <span class='ocrx_word' id='word_1_156' title='bbox 926 1915 976 1968; x_wconf 91' lang='lat' dir='ltr'><strong>aut</strong></span> <span class='ocrx_word' id='word_1_157' title='bbox 996 1906 1134 1968; x_wconf 88' lang='lat' dir='ltr'><strong>irrisione</strong></span> <span class='ocrx_word' id='word_1_158' title='bbox 1155 1918 1208 1970; x_wconf 91' lang='lat' dir='ltr'><strong>aut</strong></span> <span class='ocrx_word' id='word_1_159' title='bbox 1229 1912 1290 1972; x_wconf 88' lang='lat' dir='ltr'><strong>odio</strong></span> 
     </span>
     <span class='ocr_line' id='line_1_21' title="bbox 230 1991 1358 2072; baseline 0.004 -19"><span class='ocrx_word' id='word_1_160' title='bbox 230 1991 311 2072; x_wconf 85' lang='lat' dir='ltr'><strong>digni</strong></span> <span class='ocrx_word' id='word_1_161' title='bbox 340 2001 495 2071; x_wconf 88' lang='lat' dir='ltr'><strong>putemur,</strong></span> <span class='ocrx_word' id='word_1_162' title='bbox 525 1993 550 2053; x_wconf 89' lang='lat' dir='ltr'><strong>si</strong></span> <span class='ocrx_word' id='word_1_163' title='bbox 578 2002 630 2054; x_wconf 88' lang='lat' dir='ltr'><strong>aut</strong></span> <span class='ocrx_word' id='word_1_164' title='bbox 656 1992 817 2071; x_wconf 83' lang='lat' dir='ltr'><strong>tragoedias</strong></span> <span class='ocrx_word' id='word_1_165' title='bbox 845 2010 964 2072; x_wconf 81' lang='lat' dir='ltr'><strong>agamus</strong></span> <span class='ocrx_word' id='word_1_166' title='bbox 984 1993 1015 2052; x_wconf 91' lang='lat' dir='ltr'><strong>in</strong></span> <span class='ocrx_word' id='word_1_167' title='bbox 1037 1993 1124 2072; x_wconf 84' lang='lat' dir='ltr'><strong>nugis</strong></span> <span class='ocrx_word' id='word_1_168' title='bbox 1152 2004 1205 2056; x_wconf 93' lang='lat' dir='ltr'><strong>aut</strong></span> <span class='ocrx_word' id='word_1_169' title='bbox 1225 2014 1293 2057; x_wconf 91' lang='lat' dir='ltr'><strong>con·</strong></span> <span class='ocrx_word' id='word_1_170' title='bbox 1356 1997 1358 2040; x_wconf 78' lang='lat' dir='ltr'><strong>t</strong></span> 
     </span>
    </p>

    <p class='ocr_par' dir='ltr' id='par_1_3' title="bbox 158 2078 1291 2160">
     <span class='ocr_line' id='line_1_22' title="bbox 158 2078 1291 2160; baseline 0.002 -20"><span class='ocrx_word' id='word_1_171' title='bbox 158 2097 216 2148; x_wconf 72' lang='lat' dir='ltr'><strong>soe,</strong></span> <span class='ocrx_word' id='word_1_172' title='bbox 231 2079 336 2140; x_wconf 86' lang='lat' dir='ltr'><strong>vellere</strong></span> <span class='ocrx_word' id='word_1_173' title='bbox 350 2079 519 2141; x_wconf 91' lang='lat' dir='ltr'><strong>adoriamur</strong></span> <span class='ocrx_word' id='word_1_174' title='bbox 532 2096 574 2152; x_wconf 92' lang='lat' dir='ltr'><strong>ea,</strong></span> <span class='ocrx_word' id='word_1_175' title='bbox 599 2095 673 2157; x_wconf 91' lang='lat' dir='ltr'><strong>quae</strong></span> <span class='ocrx_word' id='word_1_176' title='bbox 696 2095 757 2138; x_wconf 93' lang='lat' dir='ltr'><strong>non</strong></span> <span class='ocrx_word' id='word_1_177' title='bbox 779 2078 894 2156; x_wconf 89' lang='lat' dir='ltr'><strong>possint</strong></span> <span class='ocrx_word' id='word_1_178' title='bbox 908 2078 1098 2140; x_wconf 83' lang='lat' dir='ltr'><strong>commoveri.</strong></span> <span class='ocrx_word' id='word_1_179' title='bbox 1141 2079 1204 2140; x_wconf 89' lang='lat' dir='ltr'><strong>lam</strong></span> <span class='ocrx_word' id='word_1_180' title='bbox 1221 2099 1291 2160; x_wconf 88' lang='lat' dir='ltr'><strong>qno-</strong></span> 
     </span>
    </p>
   </div>
   <div class='ocr_carea' id='block_1_2' title="bbox 245 2201 438 2208">
    <p class='ocr_par' dir='ltr' id='par_1_4' title="bbox 245 2201 438 2208">
     <span class='ocr_line' id='line_1_23' title="bbox 245 2201 438 2208; baseline 0 0"><span class='ocrx_word' id='word_1_181' title='bbox 245 2201 267 2207; x_wconf 73' lang='lat'><strong>·-</strong></span> <span class='ocrx_word' id='word_1_182' title='bbox 275 2201 438 2208; x_wconf 47' lang='lat' dir='ltr'><strong>-a--m--o-——n-</strong></span> 
     </span>
    </p>
   </div>
   <div class='ocr_carea' id='block_1_3' title="bbox 229 2244 1359 4030">
    <p class='ocr_par' dir='ltr' id='par_1_5' title="bbox 229 2244 1293 2368">
     <span class='ocr_line' id='line_1_24' title="bbox 299 2244 1293 2312; baseline 0.003 -14"><span class='ocrx_word' id='word_1_183' title='bbox 299 2252 370 2312; x_wconf 75' lang='lat' dir='ltr'><strong>loeus,</strong></span> <span class='ocrx_word' id='word_1_184' title='bbox 395 2248 468 2298; x_wconf 86' lang='lat' dir='ltr'><strong>nemi.</strong></span> <span class='ocrx_word' id='word_1_185' title='bbox 487 2251 633 2300; x_wconf 81' lang='lat' dir='ltr'><strong>eommunia:</strong></span> <span class='ocrx_word' id='word_1_186' title='bbox 657 2247 712 2298; x_wconf 89' lang='lat' dir='ltr'><strong>ciue</strong></span> <span class='ocrx_word' id='word_1_187' title='bbox 738 2261 817 2312; x_wconf 74' lang='lat' dir='ltr'><strong>gagen</strong></span> <span class='ocrx_word' id='word_1_188' title='bbox 841 2247 888 2298; x_wconf 92' lang='lat' dir='ltr'><strong>den</strong></span> <span class='ocrx_word' id='word_1_189' title='bbox 906 2244 983 2312; x_wconf 83' lang='lat' dir='ltr'><strong>Ciipio</strong></span> <span class='ocrx_word' id='word_1_190' title='bbox 1001 2247 1170 2299; x_wconf 87' lang='lat' dir='ltr'><strong>anwendbare</strong></span> <span class='ocrx_word' id='word_1_191' title='bbox 1189 2251 1293 2302; x_wconf 84' lang='lat' dir='ltr'><strong>oratori·</strong></span> 
     </span>
     <span class='ocr_line' id='line_1_25' title="bbox 229 2315 470 2368; baseline 0.008 -2"><span class='ocrx_word' id='word_1_192' title='bbox 229 2319 287 2368; x_wconf 87' lang='lat' dir='ltr'><strong>sebe</strong></span> <span class='ocrx_word' id='word_1_193' title='bbox 307 2315 470 2368; x_wconf 86' lang='lat' dir='ltr'><strong>Glenzstalle.</strong></span> 
     </span>
    </p>

    <p class='ocr_par' dir='ltr' id='par_1_6' title="bbox 231 2381 1295 2517">
     <span class='ocr_line' id='line_1_26' title="bbox 304 2381 1295 2448; baseline 0.002 -12"><span class='ocrx_word' id='word_1_194' title='bbox 304 2389 334 2436; x_wconf 85' lang='lat' dir='ltr'><strong>Ut</strong></span> <span class='ocrx_word' id='word_1_195' title='bbox 350 2395 377 2436; x_wconf 91' lang='lat' dir='ltr'><strong>tu</strong></span> <span class='ocrx_word' id='word_1_196' title='bbox 394 2391 449 2435; x_wconf 91' lang='lat' dir='ltr'><strong>cet:</strong></span> <span class='ocrx_word' id='word_1_197' title='bbox 472 2384 532 2436; x_wconf 86' lang='lat' dir='ltr'><strong>Wio</strong></span> <span class='ocrx_word' id='word_1_198' title='bbox 551 2385 610 2434; x_wconf 86' lang='lat' dir='ltr'><strong>best</strong></span> <span class='ocrx_word' id='word_1_199' title='bbox 630 2384 662 2434; x_wconf 91' lang='lat' dir='ltr'><strong>du</strong></span> <span class='ocrx_word' id='word_1_200' title='bbox 679 2382 755 2447; x_wconf 89' lang='lat' dir='ltr'><strong>jeneu</strong></span> <span class='ocrx_word' id='word_1_201' title='bbox 773 2397 868 2448; x_wconf 72' lang='lat' dir='ltr'><strong>genuen</strong></span> <span class='ocrx_word' id='word_1_202' title='bbox 886 2381 959 2434; x_wconf 83' lang='lat' dir='ltr'><strong>Theil</strong></span> <span class='ocrx_word' id='word_1_203' title='bbox 976 2383 1021 2434; x_wconf 89' lang='lat' dir='ltr'><strong>der</strong></span> <span class='ocrx_word' id='word_1_204' title='bbox 1038 2383 1105 2435; x_wconf 80' lang='lat' dir='ltr'><strong>liade</strong></span> <span class='ocrx_word' id='word_1_205' title='bbox 1123 2385 1170 2436; x_wconf 87' lang='lat' dir='ltr'><strong>mit</strong></span> <span class='ocrx_word' id='word_1_206' title='bbox 1188 2387 1234 2438; x_wconf 85' lang='lat' dir='ltr'><strong>der</strong></span> <span class='ocrx_word' id='word_1_207' title='bbox 1250 2385 1295 2438; x_wconf 86' lang='lat' dir='ltr'><strong>Er·</strong></span> 
     </span>
     <span class='ocr_line' id='line_1_27' title="bbox 231 2450 1071 2517; baseline 0.001 -15"><span class='ocrx_word' id='word_1_208' title='bbox 231 2469 326 2517; x_wconf 72' lang='lat' dir='ltr'><strong>regung</strong></span> <span class='ocrx_word' id='word_1_209' title='bbox 344 2469 393 2503; x_wconf 90' lang='lat' dir='ltr'><strong>von</strong></span> <span class='ocrx_word' id='word_1_210' title='bbox 406 2454 468 2504; x_wconf 84' lang='lat' dir='ltr'><strong>Hass</strong></span> <span class='ocrx_word' id='word_1_211' title='bbox 485 2470 509 2504; x_wconf 88' lang='lat' dir='ltr'><strong>u.</strong></span> <span class='ocrx_word' id='word_1_212' title='bbox 526 2469 548 2503; x_wconf 88' lang='lat' dir='ltr'><strong>s.</strong></span> <span class='ocrx_word' id='word_1_213' title='bbox 568 2467 600 2504; x_wconf 77' lang='lat' dir='ltr'><strong>W.</strong></span> <span class='ocrx_word' id='word_1_214' title='bbox 619 2450 715 2516; x_wconf 76' lang='lat' dir='ltr'><strong>eridllt,</strong></span> <span class='ocrx_word' id='word_1_215' title='bbox 739 2453 762 2504; x_wconf 92' lang='lat' dir='ltr'><strong>d.</strong></span> <span class='ocrx_word' id='word_1_216' title='bbox 783 2453 807 2504; x_wconf 91' lang='lat' dir='ltr'><strong>b.</strong></span> <span class='ocrx_word' id='word_1_217' title='bbox 826 2452 890 2503; x_wconf 81' lang='lat' dir='ltr'><strong>daun</strong></span> <span class='ocrx_word' id='word_1_218' title='bbox 910 2452 1071 2516; x_wconf 77' lang='lat' dir='ltr'><strong>augewendt!</strong></span> 
     </span>
    </p>

    <p class='ocr_par' dir='ltr' id='par_1_7' title="bbox 232 2520 1295 2724">
     <span class='ocr_line' id='line_1_28' title="bbox 299 2520 1295 2584; baseline 0.002 -12"><span class='ocrx_word' id='word_1_219' title='bbox 299 2526 333 2572; x_wconf 83' lang='lat' dir='ltr'><strong>ad</strong></span> <span class='ocrx_word' id='word_1_220' title='bbox 348 2526 448 2574; x_wconf 80' lang='lat' dir='ltr'><strong>eundem</strong></span> <span class='ocrx_word' id='word_1_221' title='bbox 463 2525 575 2584; x_wconf 79' lang='lat' dir='ltr'><strong>impetum</strong></span> <span class='ocrx_word' id='word_1_222' title='bbox 593 2537 661 2584; x_wconf 73' lang='lat' dir='ltr'><strong>pop„</strong></span> <span class='ocrx_word' id='word_1_223' title='bbox 689 2521 756 2574; x_wconf 84' lang='lat' dir='ltr'><strong>dh.</strong></span> <span class='ocrx_word' id='word_1_224' title='bbox 779 2536 810 2572; x_wconf 82' lang='lat' dir='ltr'><strong>zu</strong></span> <span class='ocrx_word' id='word_1_225' title='bbox 827 2521 881 2572; x_wconf 86' lang='lat' dir='ltr'><strong>dem</strong></span> <span class='ocrx_word' id='word_1_226' title='bbox 900 2520 1057 2584; x_wconf 84' lang='lat' dir='ltr'><strong>Nacbweise‚</strong></span> <span class='ocrx_word' id='word_1_227' title='bbox 1084 2523 1141 2573; x_wconf 81' lang='lat' dir='ltr'><strong>dass</strong></span> <span class='ocrx_word' id='word_1_228' title='bbox 1170 2523 1228 2574; x_wconf 86' lang='lat' dir='ltr'><strong>bier</strong></span> <span class='ocrx_word' id='word_1_229' title='bbox 1254 2540 1295 2574; x_wconf 87' lang='lat' dir='ltr'><strong>nur</strong></span> 
     </span>
     <span class='ocr_line' id='line_1_29' title="bbox 232 2587 1292 2655; baseline 0.005 -18"><span class='ocrx_word' id='word_1_230' title='bbox 232 2605 281 2639; x_wconf 86' lang='lat' dir='ltr'><strong>von</strong></span> <span class='ocrx_word' id='word_1_231' title='bbox 296 2590 366 2640; x_wconf 87' lang='lat' dir='ltr'><strong>einer</strong></span> <span class='ocrx_word' id='word_1_232' title='bbox 383 2590 555 2655; x_wconf 75' lang='lat' dir='ltr'><strong>berecbtigtcn</strong></span> <span class='ocrx_word' id='word_1_233' title='bbox 572 2587 735 2655; x_wconf 73' lang='lat' dir='ltr'><strong>bufwallnng</strong></span> <span class='ocrx_word' id='word_1_234' title='bbox 753 2591 796 2640; x_wconf 86' lang='lat' dir='ltr'><strong>des</strong></span> <span class='ocrx_word' id='word_1_235' title='bbox 808 2589 902 2642; x_wconf 86' lang='lat' dir='ltr'><strong>Valkes</strong></span> <span class='ocrx_word' id='word_1_236' title='bbox 919 2589 968 2639; x_wconf 88' lang='lat' dir='ltr'><strong>und</strong></span> <span class='ocrx_word' id='word_1_237' title='bbox 982 2589 1052 2640; x_wconf 88' lang='lat' dir='ltr'><strong>nicht</strong></span> <span class='ocrx_word' id='word_1_238' title='bbox 1064 2605 1114 2641; x_wconf 86' lang='lat' dir='ltr'><strong>von</strong></span> <span class='ocrx_word' id='word_1_239' title='bbox 1127 2591 1209 2644; x_wconf 85' lang='lat' dir='ltr'><strong>ciuem</strong></span> <span class='ocrx_word' id='word_1_240' title='bbox 1221 2594 1292 2645; x_wconf 84' lang='lat' dir='ltr'><strong>durch</strong></span> 
     </span>
     <span class='ocr_line' id='line_1_30' title="bbox 232 2656 1010 2724; baseline -0.001 -15"><span class='ocrx_word' id='word_1_241' title='bbox 232 2658 364 2709; x_wconf 81' lang='lat' dir='ltr'><strong>Norbanus</strong></span> <span class='ocrx_word' id='word_1_242' title='bbox 380 2658 558 2724; x_wconf 77' lang='lat' dir='ltr'><strong>angeetifteteu</strong></span> <span class='ocrx_word' id='word_1_243' title='bbox 577 2656 689 2709; x_wconf 77' lang='lat' dir='ltr'><strong>Aufrubr</strong></span> <span class='ocrx_word' id='word_1_244' title='bbox 706 2659 746 2710; x_wconf 89' lang='lat' dir='ltr'><strong>die</strong></span> <span class='ocrx_word' id='word_1_245' title='bbox 763 2658 830 2709; x_wconf 81' lang='lat' dir='ltr'><strong>neue</strong></span> <span class='ocrx_word' id='word_1_246' title='bbox 851 2658 903 2709; x_wconf 87' lang='lat' dir='ltr'><strong>sein</strong></span> <span class='ocrx_word' id='word_1_247' title='bbox 921 2659 1010 2709; x_wconf 84' lang='lat' dir='ltr'><strong>kbnne.</strong></span> 
     </span>
    </p>

    <p class='ocr_par' dir='ltr' id='par_1_8' title="bbox 231 2726 1359 3001">
     <span class='ocr_line' id='line_1_31' title="bbox 300 2726 1291 2796; baseline 0 -18"><span class='ocrx_word' id='word_1_248' title='bbox 300 2729 420 2794; x_wconf 74' lang='lat' dir='ltr'><strong>refutasti,</strong></span> <span class='ocrx_word' id='word_1_249' title='bbox 438 2728 486 2793; x_wconf 65' lang='grc' dir='ltr'><strong>εἰς,</strong></span> <span class='ocrx_word' id='word_1_250' title='bbox 506 2727 723 2793; x_wconf 81' lang='lat' dir='ltr'><strong>znriiakdiimpfen,</strong></span> <span class='ocrx_word' id='word_1_251' title='bbox 742 2743 787 2778; x_wconf 86' lang='lat' dir='ltr'><strong>zur</strong></span> <span class='ocrx_word' id='word_1_252' title='bbox 807 2726 875 2778; x_wconf 82' lang='lat' dir='ltr'><strong>Rube</strong></span> <span class='ocrx_word' id='word_1_253' title='bbox 891 2727 1004 2792; x_wconf 72' lang='lat' dir='ltr'><strong>bringeri,</strong></span> <span class='ocrx_word' id='word_1_254' title='bbox 1022 2726 1071 2778; x_wconf 83' lang='lat' dir='ltr'><strong>wie</strong></span> <span class='ocrx_word' id='word_1_255' title='bbox 1090 2728 1120 2779; x_wconf 89' lang='lat' dir='ltr'><strong>de</strong></span> <span class='ocrx_word' id='word_1_256' title='bbox 1138 2745 1211 2796; x_wconf 88' lang='lat' dir='ltr'><strong>prov.</strong></span> <span class='ocrx_word' id='word_1_257' title='bbox 1229 2745 1291 2780; x_wconf 85' lang='lat' dir='ltr'><strong>eous.</strong></span> 
     </span>
     <span class='ocr_line' id='line_1_32' title="bbox 234 2795 1359 2862; baseline 0.004 -14"><span class='ocrx_word' id='word_1_258' title='bbox 234 2798 273 2857; x_wconf 86' lang='lat'><strong>13,</strong></span> <span class='ocrx_word' id='word_1_259' title='bbox 293 2798 338 2850; x_wconf 82' lang='lat'><strong>32:</strong></span> <span class='ocrx_word' id='word_1_260' title='bbox 362 2801 457 2862; x_wconf 75' lang='lat' dir='ltr'><strong>semper</strong></span> <span class='ocrx_word' id='word_1_261' title='bbox 482 2801 537 2850; x_wconf 68' lang='lat' dir='ltr'><strong>ittae</strong></span> <span class='ocrx_word' id='word_1_262' title='bbox 560 2801 669 2848; x_wconf 71' lang='lat' dir='ltr'><strong>nmium</strong></span> <span class='ocrx_word' id='word_1_263' title='bbox 691 2801 770 2848; x_wconf 72' lang='lat' dir='ltr'><strong>nostri</strong></span> <span class='ocrx_word' id='word_1_264' title='bbox 796 2799 948 2858; x_wconf 70' lang='lat' dir='ltr'><strong>inmemores</strong></span> <span class='ocrx_word' id='word_1_265' title='bbox 971 2797 1116 2860; x_wconf 74' lang='lat' dir='ltr'><strong>refutandae</strong></span> <span class='ocrx_word' id='word_1_266' title='bbox 1136 2803 1221 2862; x_wconf 71' lang='lat' dir='ltr'><strong>potius</strong></span> <span class='ocrx_word' id='word_1_267' title='bbox 1239 2802 1290 2850; x_wconf 75' lang='lat' dir='ltr'><strong>tato</strong></span> <span class='ocrx_word' id='word_1_268' title='bbox 1358 2795 1359 2852; x_wconf 64' lang='grc' dir='ltr'><strong>ἶ</strong></span> 
     </span>
     <span class='ocr_line' id='line_1_33' title="bbox 231 2860 1292 2930; baseline -0.002 -13"><span class='ocrx_word' id='word_1_269' title='bbox 231 2882 303 2929; x_wconf 83' lang='lat' dir='ltr'><strong>quam</strong></span> <span class='ocrx_word' id='word_1_270' title='bbox 323 2870 468 2919; x_wconf 71' lang='lat' dir='ltr'><strong>imitandae</strong></span> <span class='ocrx_word' id='word_1_271' title='bbox 483 2876 639 2930; x_wconf 74' lang='lat' dir='ltr'><strong>pmauuuut,</strong></span> <span class='ocrx_word' id='word_1_272' title='bbox 657 2860 952 2927; x_wconf 84' lang='lat' dir='ltr'><strong>daber⁴znriiokweisen,</strong></span> <span class='ocrx_word' id='word_1_273' title='bbox 971 2863 1114 2928; x_wconf 84' lang='lat' dir='ltr'><strong>abweisen,‘</strong></span> <span class='ocrx_word' id='word_1_274' title='bbox 1134 2867 1292 2919; x_wconf 85' lang='lat' dir='ltr'><strong>versabiaden</strong></span> 
     </span>
     <span class='ocr_line' id='line_1_34' title="bbox 232 2932 1293 3001; baseline 0.002 -19"><span class='ocrx_word' id='word_1_275' title='bbox 232 2950 281 2983; x_wconf 89' lang='lat' dir='ltr'><strong>von</strong></span> <span class='ocrx_word' id='word_1_276' title='bbox 293 2938 408 3001; x_wconf 80' lang='lat' dir='ltr'><strong>refellere,</strong></span> <span class='ocrx_word' id='word_1_277' title='bbox 429 2935 480 3000; x_wconf 76' lang='lat' dir='ltr'><strong>vgl.</strong></span> <span class='ocrx_word' id='word_1_278' title='bbox 498 2938 519 2998; x_wconf 89' lang='lat'><strong>1,</strong></span> <span class='ocrx_word' id='word_1_279' title='bbox 533 2937 548 2986; x_wconf 94' lang='grc'><strong>2</strong></span> <span class='ocrx_word' id='word_1_280' title='bbox 566 2935 615 2984; x_wconf 92' lang='lat' dir='ltr'><strong>und</strong></span> <span class='ocrx_word' id='word_1_281' title='bbox 632 2932 674 2986; x_wconf 82' lang='grc' dir='ltr'><strong>ΙΙΙ.</strong></span> <span class='ocrx_word' id='word_1_282' title='bbox 688 2937 711 2996; x_wconf 86' lang='grc'><strong>1,</strong></span> <span class='ocrx_word' id='word_1_283' title='bbox 722 2935 751 2988; x_wconf 78' lang='lat'><strong>4:</strong></span> <span class='ocrx_word' id='word_1_284' title='bbox 771 2937 893 2986; x_wconf 78' lang='lat' dir='ltr'><strong>libidinem</strong></span> <span class='ocrx_word' id='word_1_285' title='bbox 910 2944 976 2986; x_wconf 83' lang='lat' dir='ltr'><strong>tuam</strong></span> <span class='ocrx_word' id='word_1_286' title='bbox 988 2937 1085 2986; x_wconf 77' lang='lat' dir='ltr'><strong>libertae</strong></span> <span class='ocrx_word' id='word_1_287' title='bbox 1102 2951 1155 2987; x_wconf 85' lang='lat' dir='ltr'><strong>mea</strong></span> <span class='ocrx_word' id='word_1_288' title='bbox 1176 2938 1293 3001; x_wconf 77' lang='lat' dir='ltr'><strong>refutabit.</strong></span> 
     </span>
    </p>

    <p class='ocr_par' dir='ltr' id='par_1_9' title="bbox 231 3000 1294 3204">
     <span class='ocr_line' id='line_1_35' title="bbox 302 3000 1294 3070; baseline -0.001 -15"><span class='ocrx_word' id='word_1_289' title='bbox 302 3005 359 3056; x_wconf 82' lang='grc'><strong>204.</strong></span> <span class='ocrx_word' id='word_1_290' title='bbox 395 3007 573 3070; x_wconf 76' lang='lat' dir='ltr'><strong>defensionum:</strong></span> <span class='ocrx_word' id='word_1_291' title='bbox 593 3000 907 3068; x_wconf 75' lang='lat' dir='ltr'><strong>Vertbeidignngsformeu,</strong></span> <span class='ocrx_word' id='word_1_292' title='bbox 927 3003 975 3053; x_wconf 89' lang='lat' dir='ltr'><strong>wie</strong></span> <span class='ocrx_word' id='word_1_293' title='bbox 989 3001 1007 3055; x_wconf 88' lang='lat' dir='ltr'><strong>t.</strong></span> <span class='ocrx_word' id='word_1_294' title='bbox 1027 3005 1051 3064; x_wconf 87' lang='grc'><strong>6,</strong></span> <span class='ocrx_word' id='word_1_295' title='bbox 1072 3005 1118 3056; x_wconf 76' lang='lat'><strong>22:</strong></span> <span class='ocrx_word' id='word_1_296' title='bbox 1141 3007 1281 3057; x_wconf 73' lang='lat' dir='ltr'><strong>dictionibus</strong></span> <span class='ocrx_word' id='word_1_297' title='bbox 1287 3023 1294 3066; x_wconf 90' lang='lat'><strong>,·</strong></span> 
     </span>
     <span class='ocr_line' id='line_1_36' title="bbox 233 3069 1294 3140; baseline 0.007 -21"><span class='ocrx_word' id='word_1_298' title='bbox 233 3069 305 3120; x_wconf 86' lang='lat' dir='ltr'><strong>Tnso.</strong></span> <span class='ocrx_word' id='word_1_299' title='bbox 324 3072 386 3138; x_wconf 87' lang='lat' dir='ltr'><strong>disp.</strong></span> <span class='ocrx_word' id='word_1_300' title='bbox 404 3071 446 3124; x_wconf 90' lang='lat' dir='ltr'><strong>IV.</strong></span> <span class='ocrx_word' id='word_1_301' title='bbox 466 3075 507 3137; x_wconf 83' lang='grc'><strong>27,</strong></span> <span class='ocrx_word' id='word_1_302' title='bbox 526 3073 570 3125; x_wconf 79' lang='lat' dir='ltr'><strong>te:</strong></span> <span class='ocrx_word' id='word_1_303' title='bbox 588 3089 672 3123; x_wconf 81' lang='lat' dir='ltr'><strong>earum</strong></span> <span class='ocrx_word' id='word_1_304' title='bbox 689 3074 766 3138; x_wconf 58' lang='lat' dir='ltr'><strong>obitur</strong></span> <span class='ocrx_word' id='word_1_305' title='bbox 780 3075 998 3134; x_wconf 81' lang='lat' dir='ltr'><strong>perturbationum,</strong></span> <span class='ocrx_word' id='word_1_306' title='bbox 1017 3087 1078 3136; x_wconf 80' lang='lat' dir='ltr'><strong>quae</strong></span> <span class='ocrx_word' id='word_1_307' title='bbox 1095 3079 1203 3140; x_wconf 62' lang='lat' dir='ltr'><strong>eapzeae&#39;,</strong></span> <span class='ocrx_word' id='word_1_308' title='bbox 1221 3076 1294 3126; x_wconf 66' lang='lat' dir='ltr'><strong>auiae</strong></span> 
     </span>
     <span class='ocr_line' id='line_1_37' title="bbox 231 3139 1171 3204; baseline 0 -14"><span class='ocrx_word' id='word_1_309' title='bbox 231 3150 289 3190; x_wconf 79' lang='lat' dir='ltr'><strong>suut</strong></span> <span class='ocrx_word' id='word_1_310' title='bbox 306 3145 448 3204; x_wconf 72' lang='lat' dir='ltr'><strong>mratiauee,</strong></span> <span class='ocrx_word' id='word_1_311' title='bbox 461 3141 511 3192; x_wconf 84' lang='lat' dir='ltr'><strong>und</strong></span> <span class='ocrx_word' id='word_1_312' title='bbox 525 3140 616 3191; x_wconf 85' lang='lat' dir='ltr'><strong>audere</strong></span> <span class='ocrx_word' id='word_1_313' title='bbox 629 3140 713 3191; x_wconf 87' lang='lat' dir='ltr'><strong>Subst.</strong></span> <span class='ocrx_word' id='word_1_314' title='bbox 727 3140 797 3191; x_wconf 86' lang='lat' dir='ltr'><strong>verb.</strong></span> <span class='ocrx_word' id='word_1_315' title='bbox 815 3139 861 3190; x_wconf 84' lang='lat' dir='ltr'><strong>nni</strong></span> <span class='ocrx_word' id='word_1_316' title='bbox 876 3144 906 3191; x_wconf 86' lang='lat' dir='ltr'><strong>io.</strong></span> <span class='ocrx_word' id='word_1_317' title='bbox 938 3140 1033 3190; x_wconf 79' lang='lat' dir='ltr'><strong>Andura</strong></span> <span class='ocrx_word' id='word_1_318' title='bbox 1050 3143 1092 3204; x_wconf 84' lang='lat'><strong>31,</strong></span> <span class='ocrx_word' id='word_1_319' title='bbox 1113 3144 1171 3194; x_wconf 82' lang='grc'><strong>130.</strong></span> 
     </span>
    </p>

    <p class='ocr_par' dir='ltr' id='par_1_10' title="bbox 232 3207 1295 3551">
     <span class='ocr_line' id='line_1_38' title="bbox 301 3207 1294 3277; baseline -0.001 -17"><span class='ocrx_word' id='word_1_320' title='bbox 301 3211 389 3274; x_wconf 78' lang='lat' dir='ltr'><strong>Atqui,</strong></span> <span class='ocrx_word' id='word_1_321' title='bbox 409 3209 455 3259; x_wconf 88' lang='lat' dir='ltr'><strong>mit</strong></span> <span class='ocrx_word' id='word_1_322' title='bbox 468 3208 604 3260; x_wconf 84' lang='lat' dir='ltr'><strong>Riieksicbt</strong></span> <span class='ocrx_word' id='word_1_323' title='bbox 621 3207 667 3259; x_wconf 87' lang='lat' dir='ltr'><strong>anf</strong></span> <span class='ocrx_word' id='word_1_324' title='bbox 683 3209 723 3258; x_wconf 90' lang='lat' dir='ltr'><strong>die</strong></span> <span class='ocrx_word' id='word_1_325' title='bbox 735 3208 938 3273; x_wconf 74' lang='lat' dir='ltr'><strong>vorbergebende</strong></span> <span class='ocrx_word' id='word_1_326' title='bbox 949 3207 1093 3274; x_wconf 80' lang='lat' dir='ltr'><strong>Erkliirnng</strong></span> <span class='ocrx_word' id='word_1_327' title='bbox 1111 3213 1155 3260; x_wconf 83' lang='lat' dir='ltr'><strong>dec</strong></span> <span class='ocrx_word' id='word_1_328' title='bbox 1168 3210 1294 3277; x_wconf 88' lang='lat' dir='ltr'><strong>Sulpicius,</strong></span> 
     </span>
     <span class='ocr_line' id='line_1_39' title="bbox 233 3275 1295 3342; baseline 0.001 -15"><span class='ocrx_word' id='word_1_329' title='bbox 233 3279 309 3328; x_wconf 88' lang='lat' dir='ltr'><strong>soban</strong></span> <span class='ocrx_word' id='word_1_330' title='bbox 328 3278 374 3327; x_wconf 88' lang='lat' dir='ltr'><strong>mit</strong></span> <span class='ocrx_word' id='word_1_331' title='bbox 389 3277 473 3342; x_wconf 84' lang='lat' dir='ltr'><strong>jerem</strong></span> <span class='ocrx_word' id='word_1_332' title='bbox 484 3277 617 3328; x_wconf 83' lang='lat' dir='ltr'><strong>Naebweis</strong></span> <span class='ocrx_word' id='word_1_333' title='bbox 636 3279 680 3328; x_wconf 88' lang='lat' dir='ltr'><strong>der</strong></span> <span class='ocrx_word' id='word_1_334' title='bbox 693 3293 743 3328; x_wconf 86' lang='lat' dir='ltr'><strong>von</strong></span> <span class='ocrx_word' id='word_1_335' title='bbox 758 3277 809 3328; x_wconf 89' lang='lat' dir='ltr'><strong>ibrn</strong></span> <span class='ocrx_word' id='word_1_336' title='bbox 827 3278 851 3328; x_wconf 88' lang='lat' dir='ltr'><strong>in</strong></span> <span class='ocrx_word' id='word_1_337' title='bbox 867 3278 912 3328; x_wconf 88' lang='lat' dir='ltr'><strong>der</strong></span> <span class='ocrx_word' id='word_1_338' title='bbox 923 3275 1014 3328; x_wconf 84' lang='lat' dir='ltr'><strong>Praxis</strong></span> <span class='ocrx_word' id='word_1_339' title='bbox 1026 3280 1223 3341; x_wconf 72' lang='lat' dir='ltr'><strong>angewendeten</strong></span> <span class='ocrx_word' id='word_1_340' title='bbox 1235 3279 1295 3330; x_wconf 90' lang='lat' dir='ltr'><strong>Ver-</strong></span> 
     </span>
     <span class='ocr_line' id='line_1_40' title="bbox 233 3344 1294 3414; baseline -0.001 -19"><span class='ocrx_word' id='word_1_341' title='bbox 233 3346 487 3412; x_wconf 73' lang='lat' dir='ltr'><strong>tbeidignngsformen</strong></span> <span class='ocrx_word' id='word_1_342' title='bbox 509 3344 637 3397; x_wconf 79' lang='lat' dir='ltr'><strong>anfrieden</strong></span> <span class='ocrx_word' id='word_1_343' title='bbox 655 3362 685 3396; x_wconf 84' lang='lat' dir='ltr'><strong>an</strong></span> <span class='ocrx_word' id='word_1_344' title='bbox 705 3347 767 3398; x_wconf 85' lang='lat' dir='ltr'><strong>sein.</strong></span> <span class='ocrx_word' id='word_1_345' title='bbox 800 3345 834 3396; x_wconf 88' lang='lat' dir='ltr'><strong>lm</strong></span> <span class='ocrx_word' id='word_1_346' title='bbox 847 3344 988 3410; x_wconf 81' lang='lat' dir='ltr'><strong>Gagonsata</strong></span> <span class='ocrx_word' id='word_1_347' title='bbox 1006 3346 1068 3396; x_wconf 80' lang='lat' dir='ltr'><strong>dean</strong></span> <span class='ocrx_word' id='word_1_348' title='bbox 1083 3347 1294 3414; x_wconf 85' lang='lat' dir='ltr'><strong>verspricbtjetzt</strong></span> 
     </span>
     <span class='ocr_line' id='line_1_41' title="bbox 232 3414 1293 3480; baseline 0.001 -15"><span class='ocrx_word' id='word_1_349' title='bbox 232 3415 355 3467; x_wconf 82' lang='lat' dir='ltr'><strong>Antonius</strong></span> <span class='ocrx_word' id='word_1_350' title='bbox 378 3415 443 3466; x_wconf 86' lang='lat' dir='ltr'><strong>doch</strong></span> <span class='ocrx_word' id='word_1_351' title='bbox 460 3417 524 3466; x_wconf 86' lang='lat' dir='ltr'><strong>nocb</strong></span> <span class='ocrx_word' id='word_1_352' title='bbox 543 3416 614 3465; x_wconf 88' lang='lat' dir='ltr'><strong>mcbr</strong></span> <span class='ocrx_word' id='word_1_353' title='bbox 634 3415 683 3464; x_wconf 87' lang='lat' dir='ltr'><strong>und</strong></span> <span class='ocrx_word' id='word_1_354' title='bbox 702 3416 786 3466; x_wconf 85' lang='lat' dir='ltr'><strong>maebt</strong></span> <span class='ocrx_word' id='word_1_355' title='bbox 803 3415 858 3466; x_wconf 85' lang='lat' dir='ltr'><strong>sieb</strong></span> <span class='ocrx_word' id='word_1_356' title='bbox 875 3414 1028 3480; x_wconf 53' lang='lat' dir='ltr'><strong>eobanchi&amp;</strong></span> <span class='ocrx_word' id='word_1_357' title='bbox 1043 3417 1108 3466; x_wconf 86' lang='lat' dir='ltr'><strong>anab</strong></span> <span class='ocrx_word' id='word_1_358' title='bbox 1125 3415 1199 3467; x_wconf 84' lang='lat' dir='ltr'><strong>einen</strong></span> <span class='ocrx_word' id='word_1_359' title='bbox 1219 3415 1293 3468; x_wconf 79' lang='lat' dir='ltr'><strong>labr-</strong></span> 
     </span>
     <span class='ocr_line' id='line_1_42' title="bbox 232 3483 1022 3551; baseline -0.003 -17"><span class='ocrx_word' id='word_1_360' title='bbox 232 3492 339 3549; x_wconf 74' lang='lat' dir='ltr'><strong>vortrag</strong></span> <span class='ocrx_word' id='word_1_361' title='bbox 357 3483 496 3551; x_wconf 75' lang='lat' dir='ltr'><strong>(tradamus)</strong></span> <span class='ocrx_word' id='word_1_362' title='bbox 514 3484 576 3535; x_wconf 84' lang='lat' dir='ltr'><strong>iiber</strong></span> <span class='ocrx_word' id='word_1_363' title='bbox 595 3483 639 3534; x_wconf 87' lang='lat' dir='ltr'><strong>das</strong></span> <span class='ocrx_word' id='word_1_364' title='bbox 657 3501 747 3535; x_wconf 85' lang='lat' dir='ltr'><strong>mouere</strong></span> <span class='ocrx_word' id='word_1_365' title='bbox 764 3485 850 3535; x_wconf 78' lang='lat' dir='ltr'><strong>hulten</strong></span> <span class='ocrx_word' id='word_1_366' title='bbox 869 3499 900 3534; x_wconf 86' lang='lat' dir='ltr'><strong>zu</strong></span> <span class='ocrx_word' id='word_1_367' title='bbox 922 3484 1022 3538; x_wconf 86' lang='lat' dir='ltr'><strong>wollen.</strong></span> 
     </span>
    </p>

    <p class='ocr_par' dir='ltr' id='par_1_11' title="bbox 301 3553 1120 3620">
     <span class='ocr_line' id='line_1_43' title="bbox 301 3553 1120 3620; baseline 0.002 -16"><span class='ocrx_word' id='word_1_368' title='bbox 301 3565 414 3620; x_wconf 70' lang='lat' dir='ltr'><strong>spectare,</strong></span> <span class='ocrx_word' id='word_1_369' title='bbox 431 3570 451 3606; x_wconf 84' lang='lat' dir='ltr'><strong>s.</strong></span> <span class='ocrx_word' id='word_1_370' title='bbox 467 3569 488 3604; x_wconf 89' lang='lat' dir='ltr'><strong>z.</strong></span> <span class='ocrx_word' id='word_1_371' title='bbox 507 3558 548 3619; x_wconf 83' lang='grc'><strong>40,</strong></span> <span class='ocrx_word' id='word_1_372' title='bbox 567 3556 629 3617; x_wconf 78' lang='lat'><strong>1693</strong></span> <span class='ocrx_word' id='word_1_373' title='bbox 646 3569 729 3604; x_wconf 82' lang='lat' dir='ltr'><strong>rerum</strong></span> <span class='ocrx_word' id='word_1_374' title='bbox 746 3558 914 3616; x_wconf 74' lang='lat' dir='ltr'><strong>maaiuurum,</strong></span> <span class='ocrx_word' id='word_1_375' title='bbox 933 3553 982 3603; x_wconf 82' lang='lat' dir='ltr'><strong>wie</strong></span> <span class='ocrx_word' id='word_1_376' title='bbox 999 3553 1041 3612; x_wconf 79' lang='lat' dir='ltr'><strong>tt,</strong></span> <span class='ocrx_word' id='word_1_377' title='bbox 1062 3555 1120 3606; x_wconf 80' lang='lat' dir='ltr'><strong>tot.</strong></span> 
     </span>
    </p>

    <p class='ocr_par' dir='ltr' id='par_1_12' title="bbox 234 3617 1295 3757">
     <span class='ocr_line' id='line_1_44' title="bbox 301 3617 1295 3687; baseline -0.004 -13"><span class='ocrx_word' id='word_1_378' title='bbox 301 3634 433 3676; x_wconf 81' lang='lat' dir='ltr'><strong>teueremue</strong></span> <span class='ocrx_word' id='word_1_379' title='bbox 457 3622 507 3674; x_wconf 91' lang='lat' dir='ltr'><strong>und</strong></span> <span class='ocrx_word' id='word_1_380' title='bbox 532 3631 691 3684; x_wconf 73' lang='lat' dir='ltr'><strong>moveremur,</strong></span> <span class='ocrx_word' id='word_1_381' title='bbox 720 3621 769 3672; x_wconf 84' lang='lat' dir='ltr'><strong>wie</strong></span> <span class='ocrx_word' id='word_1_382' title='bbox 797 3621 954 3687; x_wconf 78' lang='lat' dir='ltr'><strong>gewdbnlicb</strong></span> <span class='ocrx_word' id='word_1_383' title='bbox 980 3621 1021 3671; x_wconf 90' lang='lat' dir='ltr'><strong>bei</strong></span> <span class='ocrx_word' id='word_1_384' title='bbox 1050 3619 1110 3687; x_wconf 78' lang='lat' dir='ltr'><strong>cie,</strong></span> <span class='ocrx_word' id='word_1_385' title='bbox 1135 3620 1207 3674; x_wconf 87' lang='lat' dir='ltr'><strong>nicht</strong></span> <span class='ocrx_word' id='word_1_386' title='bbox 1232 3617 1295 3682; x_wconf 84' lang='lat' dir='ltr'><strong>Gonj.</strong></span> 
     </span>
     <span class='ocr_line' id='line_1_45' title="bbox 234 3690 675 3757; baseline 0 -17"><span class='ocrx_word' id='word_1_387' title='bbox 234 3690 303 3742; x_wconf 85' lang='lat' dir='ltr'><strong>Priis.</strong></span> <span class='ocrx_word' id='word_1_388' title='bbox 344 3693 403 3757; x_wconf 77' lang='lat' dir='ltr'><strong>Vgl.</strong></span> <span class='ocrx_word' id='word_1_389' title='bbox 424 3695 498 3753; x_wconf 79' lang='lat'><strong>2112,</strong></span> <span class='ocrx_word' id='word_1_390' title='bbox 519 3695 548 3746; x_wconf 85' lang='lat'><strong>8:</strong></span> <span class='ocrx_word' id='word_1_391' title='bbox 565 3701 675 3744; x_wconf 68' lang='lat' dir='ltr'><strong>aeuum</strong></span> 
     </span>
    </p>

    <p class='ocr_par' dir='ltr' id='par_1_13' title="bbox 303 3757 1294 3823">
     <span class='ocr_line' id='line_1_46' title="bbox 303 3757 1294 3823; baseline -0.014 -7"><span class='ocrx_word' id='word_1_392' title='bbox 303 3757 352 3816; x_wconf 76' lang='lat' dir='ltr'><strong>bl.</strong></span> <span class='ocrx_word' id='word_1_393' title='bbox 377 3764 435 3815; x_wconf 72' lang='grc'><strong>200.</strong></span> <span class='ocrx_word' id='word_1_394' title='bbox 453 3763 605 3813; x_wconf 75' lang='lat' dir='ltr'><strong>adhibendae.</strong></span> <span class='ocrx_word' id='word_1_395' title='bbox 623 3759 683 3811; x_wconf 85' lang='lat' dir='ltr'><strong>Wir</strong></span> <span class='ocrx_word' id='word_1_396' title='bbox 694 3772 771 3823; x_wconf 72' lang='lat' dir='ltr'><strong>sapen</strong></span> <span class='ocrx_word' id='word_1_397' title='bbox 783 3758 830 3808; x_wconf 86' lang='lat' dir='ltr'><strong>mit</strong></span> <span class='ocrx_word' id='word_1_398' title='bbox 841 3758 920 3810; x_wconf 85' lang='lat' dir='ltr'><strong>einen</strong></span> <span class='ocrx_word' id='word_1_399' title='bbox 937 3759 1032 3809; x_wconf 83' lang='lat' dir='ltr'><strong>endem</strong></span> <span class='ocrx_word' id='word_1_400' title='bbox 1044 3757 1126 3812; x_wconf 82' lang='lat' dir='ltr'><strong>bilds:</strong></span> <span class='ocrx_word' id='word_1_401' title='bbox 1145 3757 1294 3810; x_wconf 84' lang='lat' dir='ltr'><strong>sublonderu.</strong></span> 
     </span>
    </p>

    <p class='ocr_par' dir='ltr' id='par_1_14' title="bbox 235 3825 1294 3962">
     <span class='ocr_line' id='line_1_47' title="bbox 303 3825 1294 3897; baseline -0.002 -18"><span class='ocrx_word' id='word_1_402' title='bbox 303 3834 448 3897; x_wconf 61' lang='lat' dir='ltr'><strong>tragoedias,</strong></span> <span class='ocrx_word' id='word_1_403' title='bbox 477 3836 556 3881; x_wconf 85' lang='lat' dir='ltr'><strong>etwa:</strong></span> <span class='ocrx_word' id='word_1_404' title='bbox 585 3828 731 3892; x_wconf 82' lang='lat' dir='ltr'><strong>iiiibruugs·</strong></span> <span class='ocrx_word' id='word_1_405' title='bbox 757 3828 816 3878; x_wconf 87' lang='lat' dir='ltr'><strong>oder</strong></span> <span class='ocrx_word' id='word_1_406' title='bbox 842 3825 1157 3895; x_wconf 75' lang='lat' dir='ltr'><strong>Ersohiitteruugssrenen,</strong></span> <span class='ocrx_word' id='word_1_407' title='bbox 1185 3827 1236 3892; x_wconf 58' lang='lat' dir='ltr'><strong>vel.</strong></span> <span class='ocrx_word' id='word_1_408' title='bbox 1257 3827 1294 3882; x_wconf 79' lang='lat' dir='ltr'><strong>bb,</strong></span> 
     </span>
     <span class='ocr_line' id='line_1_48' title="bbox 235 3893 1058 3962; baseline 0 -14"><span class='ocrx_word' id='word_1_409' title='bbox 235 3899 299 3960; x_wconf 78' lang='lat'><strong>2253</strong></span> <span class='ocrx_word' id='word_1_410' title='bbox 317 3899 395 3950; x_wconf 88' lang='lat' dir='ltr'><strong>dabor</strong></span> <span class='ocrx_word' id='word_1_411' title='bbox 413 3900 490 3954; x_wconf 87' lang='lat' dir='ltr'><strong>nncb:</strong></span> <span class='ocrx_word' id='word_1_412' title='bbox 509 3897 695 3950; x_wconf 85' lang='lat' dir='ltr'><strong>hcobtrabende</strong></span> <span class='ocrx_word' id='word_1_413' title='bbox 717 3897 817 3962; x_wconf 79' lang='lat' dir='ltr'><strong>warte,</strong></span> <span class='ocrx_word' id='word_1_414' title='bbox 835 3896 883 3947; x_wconf 84' lang='lat' dir='ltr'><strong>wie</strong></span> <span class='ocrx_word' id='word_1_415' title='bbox 902 3893 921 3951; x_wconf 89' lang='lat' dir='ltr'><strong>l.</strong></span> <span class='ocrx_word' id='word_1_416' title='bbox 941 3899 982 3958; x_wconf 86' lang='lat'><strong>51,</strong></span> <span class='ocrx_word' id='word_1_417' title='bbox 1000 3897 1058 3950; x_wconf 88' lang='grc'><strong>219.</strong></span> 
     </span>
    </p>

    <p class='ocr_par' dir='ltr' id='par_1_15' title="bbox 303 3963 1297 4030">
     <span class='ocr_line' id='line_1_49' title="bbox 303 3963 1297 4030; baseline -0.007 -11"><span class='ocrx_word' id='word_1_418' title='bbox 303 3969 361 4019; x_wconf 86' lang='grc'><strong>206.</strong></span> <span class='ocrx_word' id='word_1_419' title='bbox 399 3968 447 4018; x_wconf 78' lang='lat' dir='ltr'><strong>Mic</strong></span> <span class='ocrx_word' id='word_1_420' title='bbox 470 3971 525 4020; x_wconf 85' lang='lat' dir='ltr'><strong>Iam</strong></span> <span class='ocrx_word' id='word_1_421' title='bbox 550 3967 624 4018; x_wconf 85' lang='lat' dir='ltr'><strong>leitet</strong></span> <span class='ocrx_word' id='word_1_422' title='bbox 641 3965 764 4018; x_wconf 80' lang='lat' dir='ltr'><strong>Antonius</strong></span> <span class='ocrx_word' id='word_1_423' title='bbox 784 3982 815 4016; x_wconf 86' lang='lat' dir='ltr'><strong>zu</strong></span> <span class='ocrx_word' id='word_1_424' title='bbox 842 3965 886 4015; x_wconf 87' lang='lat' dir='ltr'><strong>der</strong></span> <span class='ocrx_word' id='word_1_425' title='bbox 905 3963 1065 4030; x_wconf 72' lang='lat' dir='ltr'><strong>Ausfdbrnug</strong></span> <span class='ocrx_word' id='word_1_426' title='bbox 1085 3965 1128 4016; x_wconf 86' lang='lat' dir='ltr'><strong>des</strong></span> <span class='ocrx_word' id='word_1_427' title='bbox 1151 3966 1166 4028; x_wconf 66' lang='grc' dir='ltr'>ἃ</span> <span class='ocrx_word' id='word_1_428' title='bbox 1187 3967 1237 4022; x_wconf 79' lang='lat' dir='ltr'><strong>tot</strong></span> <span class='ocrx_word' id='word_1_429' title='bbox 1254 3977 1297 4014; x_wconf 80' lang='lat' dir='ltr'><strong>tn·</strong></span> 
     </span>
    </p>
   </div>
   <div class='ocr_carea' id='block_1_4' title="bbox 0 0 1380 4526">
    <p class='ocr_par' dir='ltr' id='par_1_16' title="bbox 0 0 1380 4526">
     <span class='ocr_line' id='line_1_50' title="bbox 0 0 1380 4526; baseline 0 0"><span class='ocrx_word' id='word_1_430' title='bbox 0 0 1380 4526; x_wconf 95' lang='lat' dir='ltr'><strong> </strong></span> 
     </span>
    </p>
   </div>
  </div>
 </body>
</html>
