<?xml version="1.0" encoding="UTF-8"?>
<!DOCTYPE html PUBLIC "-//W3C//DTD XHTML 1.0 Transitional//EN"
    "http://www.w3.org/TR/xhtml1/DTD/xhtml1-transitional.dtd">
<html xmlns="http://www.w3.org/1999/xhtml" xml:lang="en" lang="en">
 <head>
  <title>
</title>
<meta http-equiv="Content-Type" content="text/html;charset=utf-8" />
  <meta name='ocr-system' content='tesseract 3.04.00' />
  <meta name='ocr-capabilities' content='ocr_page ocr_carea ocr_par ocr_line ocrx_word'/>
</head>
<body>
  <div class='ocr_page' id='page_1' title='image "./mtulliiciceroni79cicegoog/mtulliiciceroni79cicegoog_0110.png"; bbox 0 0 2826 4520; ppageno 0'>
   <div class='ocr_carea' id='block_1_1' title="bbox 343 309 1184 380">
    <p class='ocr_par' dir='ltr' id='par_1_1' title="bbox 343 309 1184 380">
     <span class='ocr_line' id='line_1_1' title="bbox 343 309 1184 380; baseline 0.007 -19"><span class='ocrx_word' id='word_1_1' title='bbox 343 311 386 361; x_wconf 83' lang='lat' dir='ltr'>un</span> <span class='ocrx_word' id='word_1_2' title='bbox 404 309 568 378; x_wconf 76' lang='lat' dir='ltr'>ommno,</span> <span class='ocrx_word' id='word_1_3' title='bbox 584 312 628 362; x_wconf 85' lang='lat' dir='ltr'>ru:</span> <span class='ocrx_word' id='word_1_4' title='bbox 641 311 659 362; x_wconf 87' lang='lat'>1.</span> <span class='ocrx_word' id='word_1_5' title='bbox 681 327 733 378; x_wconf 73' lang='lat' dir='ltr'>cap.</span> <span class='ocrx_word' id='word_1_6' title='bbox 752 315 790 366; x_wconf 84' lang='lat' dir='ltr'>rs.</span> <span class='ocrx_word' id='word_1_7' title='bbox 812 314 950 375; x_wconf 72' lang='lat' dir='ltr'>eso-sa.</span> <span class='ocrx_word' id='word_1_8' title='bbox 1141 312 1184 380; x_wconf 78' lang='lat'>55</span> 
     </span>
    </p>
   </div>
   <div class='ocr_carea' id='block_1_2' title="bbox 102 465 1306 1732">
    <p class='ocr_par' dir='ltr' id='par_1_2' title="bbox 102 465 1306 1732">
     <span class='ocr_line' id='line_1_2' title="bbox 195 465 1306 548; baseline -0.004 -22"><span class='ocrx_word' id='word_1_9' title='bbox 195 467 274 526; x_wconf 81' lang='lat' dir='ltr'>Tum</span> <span class='ocrx_word' id='word_1_10' title='bbox 293 466 456 540; x_wconf 69' lang='lat' dir='ltr'>Antonius,</span> <span class='ocrx_word' id='word_1_11' title='bbox 483 465 594 527; x_wconf 78' lang='lat' dir='ltr'><strong>Probas</strong></span> <span class='ocrx_word' id='word_1_12' title='bbox 617 466 704 542; x_wconf 88' lang='lat' dir='ltr'>mihi,</span> <span class='ocrx_word' id='word_1_13' title='bbox 733 467 844 546; x_wconf 89' lang='lat' dir='ltr'>inquit,</span> <span class='ocrx_word' id='word_1_14' title='bbox 873 468 944 540; x_wconf 86' lang='lat' dir='ltr'>ista,</span> <span class='ocrx_word' id='word_1_15' title='bbox 964 467 1083 542; x_wconf 80' lang='lat' dir='ltr'>Crasse,</span> <span class='ocrx_word' id='word_1_16' title='bbox 1107 487 1182 548; x_wconf 92' lang='lat' dir='ltr'>quae</span> <span class='ocrx_word' id='word_1_17' title='bbox 1199 467 1249 529; x_wconf 90' lang='lat'>18.</span> <span class='ocrx_word' id='word_1_18' title='bbox 1263 475 1306 526; x_wconf 81' lang='lat'>80.</span> 
     </span>
     <span class='ocr_line' id='line_1_3' title="bbox 109 551 1181 630; baseline 0.004 -18"><span class='ocrx_word' id='word_1_19' title='bbox 109 551 200 624; x_wconf 88' lang='lat' dir='ltr'>diois,</span> <span class='ocrx_word' id='word_1_20' title='bbox 230 569 286 612; x_wconf 89' lang='lat' dir='ltr'>nec</span> <span class='ocrx_word' id='word_1_21' title='bbox 309 551 410 611; x_wconf 88' lang='lat' dir='ltr'>dubito</span> <span class='ocrx_word' id='word_1_22' title='bbox 440 551 512 628; x_wconf 92' lang='lat' dir='ltr'>quin</span> <span class='ocrx_word' id='word_1_23' title='bbox 537 551 629 611; x_wconf 86' lang='lat' dir='ltr'>multo</span> <span class='ocrx_word' id='word_1_24' title='bbox 659 551 833 630; x_wconf 80' lang='lat' dir='ltr'>locupletior</span> <span class='ocrx_word' id='word_1_25' title='bbox 862 552 893 612; x_wconf 93' lang='lat' dir='ltr'>in</span> <span class='ocrx_word' id='word_1_26' title='bbox 915 553 1039 613; x_wconf 89' lang='lat' dir='ltr'>dioendo</span> <span class='ocrx_word' id='word_1_27' title='bbox 1062 557 1181 616; x_wconf 82' lang='lat' dir='ltr'>futurus</span> 
     </span>
     <span class='ocr_line' id='line_1_4' title="bbox 103 635 1182 718; baseline 0.003 -21"><span class='ocrx_word' id='word_1_28' title='bbox 103 637 155 710; x_wconf 71' lang='lat' dir='ltr'>eit,</span> <span class='ocrx_word' id='word_1_29' title='bbox 177 635 203 696; x_wconf 87' lang='lat' dir='ltr'>si</span> <span class='ocrx_word' id='word_1_30' title='bbox 227 636 294 714; x_wconf 86' lang='lat' dir='ltr'>quis</span> <span class='ocrx_word' id='word_1_31' title='bbox 317 637 451 696; x_wconf 88' lang='lat' dir='ltr'>omnium</span> <span class='ocrx_word' id='word_1_32' title='bbox 471 654 573 696; x_wconf 90' lang='lat' dir='ltr'>rerum</span> <span class='ocrx_word' id='word_1_33' title='bbox 595 643 683 714; x_wconf 89' lang='lat' dir='ltr'>atque</span> <span class='ocrx_word' id='word_1_34' title='bbox 703 637 810 697; x_wconf 86' lang='lat' dir='ltr'>artium</span> <span class='ocrx_word' id='word_1_35' title='bbox 828 637 973 698; x_wconf 86' lang='lat' dir='ltr'>rationem</span> <span class='ocrx_word' id='word_1_36' title='bbox 988 647 1182 718; x_wconf 78' lang='lat' dir='ltr'><strong>naturamque</strong></span> 
     </span>
     <span class='ocr_line' id='line_1_5' title="bbox 107 721 1238 801; baseline 0.003 -21"><span class='ocrx_word' id='word_1_37' title='bbox 107 721 379 800; x_wconf 79' lang='lat' dir='ltr'>comprehenderit</span> <span class='ocrx_word' id='word_1_38' title='bbox 422 721 479 781; x_wconf 85' lang='lat' dir='ltr'>Sed</span> <span class='ocrx_word' id='word_1_39' title='bbox 502 721 631 798; x_wconf 90' lang='lat' dir='ltr'>primum</span> <span class='ocrx_word' id='word_1_40' title='bbox 647 721 678 780; x_wconf 90' lang='lat' dir='ltr'>id</span> <span class='ocrx_word' id='word_1_41' title='bbox 696 721 812 782; x_wconf 78' lang='lat' dir='ltr'>difficile</span> <span class='ocrx_word' id='word_1_42' title='bbox 834 731 878 784; x_wconf 89' lang='lat' dir='ltr'>est</span> <span class='ocrx_word' id='word_1_43' title='bbox 900 725 987 797; x_wconf 85' lang='lat' dir='ltr'>fautu,</span> <span class='ocrx_word' id='word_1_44' title='bbox 1010 725 1182 801; x_wconf 85' lang='lat' dir='ltr'>praesertim</span> <span class='ocrx_word' id='word_1_45' title='bbox 1196 733 1238 784; x_wconf 89' lang='lat'>81.</span> 
     </span>
     <span class='ocr_line' id='line_1_6' title="bbox 106 805 1182 884; baseline 0.004 -18"><span class='ocrx_word' id='word_1_46' title='bbox 106 807 139 866; x_wconf 93' lang='lat' dir='ltr'>in</span> <span class='ocrx_word' id='word_1_47' title='bbox 167 807 224 866; x_wconf 86' lang='lat' dir='ltr'>hac</span> <span class='ocrx_word' id='word_1_48' title='bbox 256 814 356 866; x_wconf 92' lang='lat' dir='ltr'>nostra</span> <span class='ocrx_word' id='word_1_49' title='bbox 390 806 448 866; x_wconf 89' lang='lat' dir='ltr'>vita</span> <span class='ocrx_word' id='word_1_50' title='bbox 478 805 646 884; x_wconf 74' lang='lat' dir='ltr'><strong>nostrisque</strong></span> <span class='ocrx_word' id='word_1_51' title='bbox 679 807 937 884; x_wconf 87' lang='lat' dir='ltr'>occupationibus;</span> <span class='ocrx_word' id='word_1_52' title='bbox 971 807 1076 869; x_wconf 94' lang='lat' dir='ltr'>deinde</span> <span class='ocrx_word' id='word_1_53' title='bbox 1110 809 1182 870; x_wconf 84' lang='lat' dir='ltr'>illud</span> 
     </span>
     <span class='ocr_line' id='line_1_7' title="bbox 104 889 1185 962; baseline 0.005 -11"><span class='ocrx_word' id='word_1_54' title='bbox 104 891 195 952; x_wconf 87' lang='lat' dir='ltr'>etiam</span> <span class='ocrx_word' id='word_1_55' title='bbox 218 891 385 951; x_wconf 87' lang='lat' dir='ltr'>verendum</span> <span class='ocrx_word' id='word_1_56' title='bbox 414 898 467 962; x_wconf 87' lang='lat' dir='ltr'>est,</span> <span class='ocrx_word' id='word_1_57' title='bbox 495 909 533 950; x_wconf 91' lang='lat' dir='ltr'>ne</span> <span class='ocrx_word' id='word_1_58' title='bbox 562 889 766 951; x_wconf 81' lang='lat' dir='ltr'>abstrahamur</span> <span class='ocrx_word' id='word_1_59' title='bbox 791 891 826 950; x_wconf 89' lang='lat' dir='ltr'>ah</span> <span class='ocrx_word' id='word_1_60' title='bbox 855 893 910 952; x_wconf 87' lang='lat' dir='ltr'>hac</span> <span class='ocrx_word' id='word_1_61' title='bbox 930 893 1134 954; x_wconf 74' lang='lat' dir='ltr'>exercitatione</span> <span class='ocrx_word' id='word_1_62' title='bbox 1155 904 1185 956; x_wconf 92' lang='lat' dir='ltr'>et</span> 
     </span>
     <span class='ocr_line' id='line_1_8' title="bbox 107 975 1184 1055; baseline 0.006 -19"><span class='ocrx_word' id='word_1_63' title='bbox 107 975 326 1037; x_wconf 87' lang='lat' dir='ltr'>consuetudine</span> <span class='ocrx_word' id='word_1_64' title='bbox 355 975 471 1036; x_wconf 86' lang='lat' dir='ltr'>dicendi</span> <span class='ocrx_word' id='word_1_65' title='bbox 497 976 632 1055; x_wconf 84' lang='lat' dir='ltr'>populari</span> <span class='ocrx_word' id='word_1_66' title='bbox 662 984 691 1036; x_wconf 87' lang='lat' dir='ltr'>et</span> <span class='ocrx_word' id='word_1_67' title='bbox 720 977 840 1036; x_wconf 82' lang='lat' dir='ltr'>lorensi.</span> <span class='ocrx_word' id='word_1_68' title='bbox 893 977 979 1038; x_wconf 84' lang='lat' dir='ltr'>Aliud</span> <span class='ocrx_word' id='word_1_69' title='bbox 1009 979 1089 1038; x_wconf 89' lang='lat' dir='ltr'>enim</span> <span class='ocrx_word' id='word_1_70' title='bbox 1110 979 1184 1042; x_wconf 87' lang='lat' dir='ltr'>mihi</span> 
     </span>
     <span class='ocr_line' id='line_1_9' title="bbox 103 1061 1183 1139; baseline 0.004 -19"><span class='ocrx_word' id='word_1_71' title='bbox 103 1061 261 1139; x_wconf 84' lang='lat' dir='ltr'>quoddam</span> <span class='ocrx_word' id='word_1_72' title='bbox 293 1061 433 1122; x_wconf 85' lang='lat' dir='ltr'>orationis</span> <span class='ocrx_word' id='word_1_73' title='bbox 463 1078 557 1138; x_wconf 80' lang='lat' dir='ltr'>genus</span> <span class='ocrx_word' id='word_1_74' title='bbox 587 1079 650 1121; x_wconf 90' lang='lat' dir='ltr'>esse</span> <span class='ocrx_word' id='word_1_75' title='bbox 671 1061 787 1120; x_wconf 84' lang='lat' dir='ltr'>videtur</span> <span class='ocrx_word' id='word_1_76' title='bbox 809 1079 914 1122; x_wconf 89' lang='lat' dir='ltr'>eorum</span> <span class='ocrx_word' id='word_1_77' title='bbox 937 1062 1113 1136; x_wconf 86' lang='lat' dir='ltr'>hominum,</span> <span class='ocrx_word' id='word_1_78' title='bbox 1147 1065 1183 1124; x_wconf 94' lang='lat' dir='ltr'>de</span> 
     </span>
     <span class='ocr_line' id='line_1_10' title="bbox 106 1145 1183 1226; baseline 0.005 -20"><span class='ocrx_word' id='word_1_79' title='bbox 106 1145 218 1224; x_wconf 87' lang='lat' dir='ltr'>quibus</span> <span class='ocrx_word' id='word_1_80' title='bbox 240 1146 329 1223; x_wconf 90' lang='lat' dir='ltr'>paulu</span> <span class='ocrx_word' id='word_1_81' title='bbox 350 1153 418 1206; x_wconf 86' lang='lat' dir='ltr'>ante</span> <span class='ocrx_word' id='word_1_82' title='bbox 447 1145 560 1218; x_wconf 80' lang='lat' dir='ltr'>dixisti,</span> <span class='ocrx_word' id='word_1_83' title='bbox 593 1146 728 1223; x_wconf 88' lang='lat' dir='ltr'>quamvis</span> <span class='ocrx_word' id='word_1_84' title='bbox 755 1146 794 1206; x_wconf 90' lang='lat' dir='ltr'>illi</span> <span class='ocrx_word' id='word_1_85' title='bbox 816 1156 918 1206; x_wconf 84' lang='lat' dir='ltr'>ornate</span> <span class='ocrx_word' id='word_1_86' title='bbox 941 1155 969 1208; x_wconf 88' lang='lat' dir='ltr'>et</span> <span class='ocrx_word' id='word_1_87' title='bbox 990 1148 1114 1226; x_wconf 81' lang='lat' dir='ltr'>graviter</span> <span class='ocrx_word' id='word_1_88' title='bbox 1133 1158 1183 1211; x_wconf 89' lang='lat' dir='ltr'>aut</span> 
     </span>
     <span class='ocr_line' id='line_1_11' title="bbox 105 1230 1179 1310; baseline 0.005 -21"><span class='ocrx_word' id='word_1_89' title='bbox 105 1230 146 1290; x_wconf 89' lang='lat' dir='ltr'>de</span> <span class='ocrx_word' id='word_1_90' title='bbox 175 1238 281 1291; x_wconf 89' lang='lat' dir='ltr'>natura</span> <span class='ocrx_word' id='word_1_91' title='bbox 308 1248 410 1290; x_wconf 93' lang='lat' dir='ltr'>rerum</span> <span class='ocrx_word' id='word_1_92' title='bbox 437 1240 488 1292; x_wconf 89' lang='lat' dir='ltr'>aut</span> <span class='ocrx_word' id='word_1_93' title='bbox 510 1230 547 1290; x_wconf 96' lang='lat' dir='ltr'>de</span> <span class='ocrx_word' id='word_1_94' title='bbox 569 1230 706 1290; x_wconf 88' lang='lat' dir='ltr'>humanis</span> <span class='ocrx_word' id='word_1_95' title='bbox 732 1230 822 1291; x_wconf 88' lang='lat' dir='ltr'>rebus</span> <span class='ocrx_word' id='word_1_96' title='bbox 841 1231 1010 1310; x_wconf 87' lang='lat' dir='ltr'>loquantur.</span> <span class='ocrx_word' id='word_1_97' title='bbox 1050 1233 1179 1294; x_wconf 91' lang='lat' dir='ltr'>Nitidum</span> 
     </span>
     <span class='ocr_line' id='line_1_12' title="bbox 106 1313 1181 1397; baseline 0.006 -23"><span class='ocrx_word' id='word_1_98' title='bbox 106 1315 261 1393; x_wconf 86' lang='lat' dir='ltr'>quoddam</span> <span class='ocrx_word' id='word_1_99' title='bbox 292 1333 385 1393; x_wconf 83' lang='lat' dir='ltr'>genus</span> <span class='ocrx_word' id='word_1_100' title='bbox 408 1323 452 1374; x_wconf 89' lang='lat' dir='ltr'>est</span> <span class='ocrx_word' id='word_1_101' title='bbox 473 1313 634 1376; x_wconf 85' lang='lat' dir='ltr'>verborum</span> <span class='ocrx_word' id='word_1_102' title='bbox 656 1323 684 1376; x_wconf 89' lang='lat' dir='ltr'>et</span> <span class='ocrx_word' id='word_1_103' title='bbox 703 1315 829 1389; x_wconf 80' lang='lat' dir='ltr'>laetum,</span> <span class='ocrx_word' id='word_1_104' title='bbox 859 1325 887 1377; x_wconf 89' lang='lat' dir='ltr'>et</span> <span class='ocrx_word' id='word_1_105' title='bbox 910 1317 1067 1395; x_wconf 86' lang='lat' dir='ltr'>palaestrae</span> <span class='ocrx_word' id='word_1_106' title='bbox 1090 1319 1181 1397; x_wconf 83' lang='lat' dir='ltr'>magis</span> 
     </span>
     <span class='ocr_line' id='line_1_13' title="bbox 103 1398 1236 1482; baseline 0.003 -23"><span class='ocrx_word' id='word_1_107' title='bbox 103 1409 136 1460; x_wconf 90' lang='lat' dir='ltr'>et</span> <span class='ocrx_word' id='word_1_108' title='bbox 160 1400 216 1460; x_wconf 92' lang='lat' dir='ltr'>olei</span> <span class='ocrx_word' id='word_1_109' title='bbox 238 1418 327 1478; x_wconf 89' lang='lat' dir='ltr'>quam</span> <span class='ocrx_word' id='word_1_110' title='bbox 349 1400 439 1460; x_wconf 88' lang='lat' dir='ltr'>huius</span> <span class='ocrx_word' id='word_1_111' title='bbox 468 1399 560 1460; x_wconf 80' lang='lat' dir='ltr'>civilis</span> <span class='ocrx_word' id='word_1_112' title='bbox 589 1398 691 1460; x_wconf 86' lang='lat' dir='ltr'>turbae</span> <span class='ocrx_word' id='word_1_113' title='bbox 718 1419 750 1460; x_wconf 87' lang='lat' dir='ltr'>ao</span> <span class='ocrx_word' id='word_1_114' title='bbox 778 1401 843 1462; x_wconf 86' lang='lat' dir='ltr'>sori.</span> <span class='ocrx_word' id='word_1_115' title='bbox 895 1402 1028 1481; x_wconf 88' lang='lat' dir='ltr'>Namque</span> <span class='ocrx_word' id='word_1_116' title='bbox 1056 1413 1180 1482; x_wconf 74' lang='lat' dir='ltr'>egomet,</span> <span class='ocrx_word' id='word_1_117' title='bbox 1195 1414 1236 1465; x_wconf 85' lang='lat'>82.</span> 
     </span>
     <span class='ocr_line' id='line_1_14' title="bbox 102 1484 1179 1566; baseline 0.005 -22"><span class='ocrx_word' id='word_1_118' title='bbox 102 1484 161 1562; x_wconf 91' lang='lat' dir='ltr'>qui</span> <span class='ocrx_word' id='word_1_119' title='bbox 182 1503 252 1545; x_wconf 90' lang='lat' dir='ltr'>sero</span> <span class='ocrx_word' id='word_1_120' title='bbox 274 1503 308 1544; x_wconf 88' lang='lat' dir='ltr'>ao</span> <span class='ocrx_word' id='word_1_121' title='bbox 328 1484 430 1546; x_wconf 84' lang='lat' dir='ltr'>leviter</span> <span class='ocrx_word' id='word_1_122' title='bbox 452 1485 575 1545; x_wconf 83' lang='lat' dir='ltr'>Graecas</span> <span class='ocrx_word' id='word_1_123' title='bbox 596 1484 704 1545; x_wconf 87' lang='lat' dir='ltr'>litteras</span> <span class='ocrx_word' id='word_1_124' title='bbox 727 1485 893 1564; x_wconf 84' lang='lat' dir='ltr'>attigissem,</span> <span class='ocrx_word' id='word_1_125' title='bbox 915 1493 1011 1547; x_wconf 89' lang='lat' dir='ltr'>tamen</span> <span class='ocrx_word' id='word_1_126' title='bbox 1036 1507 1104 1549; x_wconf 89' lang='lat' dir='ltr'>oum</span> <span class='ocrx_word' id='word_1_127' title='bbox 1124 1506 1179 1566; x_wconf 88' lang='lat' dir='ltr'>pro</span> 
     </span>
     <span class='ocr_line' id='line_1_15' title="bbox 103 1569 1180 1651; baseline 0.005 -23"><span class='ocrx_word' id='word_1_128' title='bbox 103 1570 231 1630; x_wconf 80' lang='lat' dir='ltr'>consule</span> <span class='ocrx_word' id='word_1_129' title='bbox 253 1569 286 1629; x_wconf 93' lang='lat' dir='ltr'>in</span> <span class='ocrx_word' id='word_1_130' title='bbox 305 1569 432 1630; x_wconf 82' lang='lat' dir='ltr'>Ciliciam</span> <span class='ocrx_word' id='word_1_131' title='bbox 460 1569 649 1647; x_wconf 82' lang='lat' dir='ltr'>proficiscens</span> <span class='ocrx_word' id='word_1_132' title='bbox 672 1570 818 1630; x_wconf 87' lang='lat' dir='ltr'>venissem</span> <span class='ocrx_word' id='word_1_133' title='bbox 840 1571 984 1645; x_wconf 75' lang='lat' dir='ltr'>Athenas,</span> <span class='ocrx_word' id='word_1_134' title='bbox 1018 1573 1180 1651; x_wconf 82' lang='lat' dir='ltr'>compluris</span> 
     </span>
     <span class='ocr_line' id='line_1_16' title="bbox 102 1653 1181 1732; baseline 0.005 -18"><span class='ocrx_word' id='word_1_135' title='bbox 102 1663 173 1714; x_wconf 84' lang='lat' dir='ltr'>tum</span> <span class='ocrx_word' id='word_1_136' title='bbox 195 1653 236 1714; x_wconf 93' lang='lat' dir='ltr'>ibi</span> <span class='ocrx_word' id='word_1_137' title='bbox 257 1655 319 1714; x_wconf 93' lang='lat' dir='ltr'>dies</span> <span class='ocrx_word' id='word_1_138' title='bbox 341 1673 408 1715; x_wconf 90' lang='lat' dir='ltr'>sum</span> <span class='ocrx_word' id='word_1_139' title='bbox 423 1664 546 1732; x_wconf 88' lang='lat' dir='ltr'>propter</span> <span class='ocrx_word' id='word_1_140' title='bbox 567 1654 722 1732; x_wconf 85' lang='lat' dir='ltr'>navigandi</span> <span class='ocrx_word' id='word_1_141' title='bbox 744 1655 943 1717; x_wconf 82' lang='lat' dir='ltr'>difficultatem</span> <span class='ocrx_word' id='word_1_142' title='bbox 967 1667 1181 1731; x_wconf 62' lang='lat' dir='ltr'>commoratum</span> 
     </span>
    </p>
   </div>
   <div class='ocr_carea' id='block_1_3' title="bbox 180 1850 1180 1921">
    <p class='ocr_par' dir='ltr' id='par_1_3' title="bbox 180 1850 1180 1921">
     <span class='ocr_line' id='line_1_17' title="bbox 180 1850 1180 1921; baseline 0.005 -13"><span class='ocrx_word' id='word_1_143' title='bbox 180 1850 231 1912; x_wconf 88' lang='lat'>18.</span> <span class='ocrx_word' id='word_1_144' title='bbox 259 1857 300 1908; x_wconf 82' lang='lat'>80.</span> <span class='ocrx_word' id='word_1_145' title='bbox 335 1859 452 1906; x_wconf 70' lang='lat' dir='ltr'>ratium</span> <span class='ocrx_word' id='word_1_146' title='bbox 468 1865 639 1920; x_wconf 74' lang='lat' dir='ltr'>naturamque:</span> <span class='ocrx_word' id='word_1_147' title='bbox 659 1855 769 1906; x_wconf 85' lang='lat' dir='ltr'>dieselbe</span> <span class='ocrx_word' id='word_1_148' title='bbox 790 1855 979 1920; x_wconf 75' lang='lat' dir='ltr'>Wortstollung</span> <span class='ocrx_word' id='word_1_149' title='bbox 996 1855 1045 1907; x_wconf 80' lang='lat' dir='ltr'>wie</span> <span class='ocrx_word' id='word_1_150' title='bbox 1068 1860 1110 1921; x_wconf 84' lang='lat'>25,</span> <span class='ocrx_word' id='word_1_151' title='bbox 1132 1862 1180 1913; x_wconf 89' lang='grc'>114</span> 
     </span>
    </p>
   </div>
   <div class='ocr_carea' id='block_1_4' title="bbox 8 1922 1179 2056">
    <p class='ocr_par' dir='ltr' id='par_1_4' title="bbox 8 1922 1179 2056">
     <span class='ocr_line' id='line_1_18' title="bbox 8 1922 1179 1990; baseline 0.003 -14"><span class='ocrx_word' id='word_1_152' title='bbox 8 1947 11 1958; x_wconf 93' lang='grc'><em>·</em></span> <span class='ocrx_word' id='word_1_153' title='bbox 100 1925 272 1987; x_wconf 67' lang='lat' dir='ltr'>conformatae</span> <span class='ocrx_word' id='word_1_154' title='bbox 291 1951 326 1960; x_wconf 83' lang='lat'>-</span> <span class='ocrx_word' id='word_1_155' title='bbox 342 1929 465 1989; x_wconf 68' lang='lat' dir='ltr'>umoris,</span> <span class='ocrx_word' id='word_1_156' title='bbox 488 1924 656 1974; x_wconf 75' lang='lat' dir='ltr'>durationem</span> <span class='ocrx_word' id='word_1_157' title='bbox 678 1924 804 1990; x_wconf 81' lang='lat' dir='ltr'>(system,</span> <span class='ocrx_word' id='word_1_158' title='bbox 823 1922 924 1989; x_wconf 84' lang='lat' dir='ltr'>Geseta)</span> <span class='ocrx_word' id='word_1_159' title='bbox 948 1924 1002 1975; x_wconf 85' lang='lat' dir='ltr'>sioh</span> <span class='ocrx_word' id='word_1_160' title='bbox 1025 1923 1073 1976; x_wconf 82' lang='lat' dir='ltr'>aui</span> <span class='ocrx_word' id='word_1_161' title='bbox 1089 1931 1179 1980; x_wconf 79' lang='lat' dir='ltr'>artium</span> 
     </span>
     <span class='ocr_line' id='line_1_19' title="bbox 8 1991 875 2056; baseline 0 -14"><span class='ocrx_word' id='word_1_162' title='bbox 8 2029 11 2034; x_wconf 34' lang='lat'><em>1</em></span> <span class='ocrx_word' id='word_1_163' title='bbox 102 1991 217 2056; x_wconf 84' lang='lat' dir='ltr'>bezioht,</span> <span class='ocrx_word' id='word_1_164' title='bbox 236 1993 358 2042; x_wconf 71' lang='lat' dir='ltr'>wahrand</span> <span class='ocrx_word' id='word_1_165' title='bbox 375 2003 489 2044; x_wconf 83' lang='lat' dir='ltr'>naturam</span> <span class='ocrx_word' id='word_1_166' title='bbox 507 2008 537 2042; x_wconf 88' lang='lat' dir='ltr'>zu</span> <span class='ocrx_word' id='word_1_167' title='bbox 556 1996 661 2044; x_wconf 80' lang='lat' dir='ltr'>amulum</span> <span class='ocrx_word' id='word_1_168' title='bbox 679 2010 761 2044; x_wconf 74' lang='lat' dir='ltr'>rurum</span> <span class='ocrx_word' id='word_1_169' title='bbox 778 1993 875 2056; x_wconf 78' lang='lat' dir='ltr'>geho&#39;rt</span> 
     </span>
    </p>
   </div>
   <div class='ocr_carea' id='block_1_5' title="bbox 99 2063 1272 4044">
    <p class='ocr_par' dir='ltr' id='par_1_5' title="bbox 178 2063 579 2124">
     <span class='ocr_line' id='line_1_20' title="bbox 178 2063 579 2124; baseline -0.007 -10"><span class='ocrx_word' id='word_1_170' title='bbox 178 2063 220 2114; x_wconf 88' lang='grc'>81.</span> <span class='ocrx_word' id='word_1_171' title='bbox 243 2065 396 2124; x_wconf 62' lang='lat' dir='ltr'>promtu»,</span> <span class='ocrx_word' id='word_1_172' title='bbox 414 2076 434 2112; x_wconf 90' lang='lat' dir='ltr'>s.</span> <span class='ocrx_word' id='word_1_173' title='bbox 453 2077 474 2112; x_wconf 90' lang='lat' dir='ltr'>z.</span> <span class='ocrx_word' id='word_1_174' title='bbox 495 2063 518 2124; x_wconf 85' lang='grc'>6,</span> <span class='ocrx_word' id='word_1_175' title='bbox 538 2063 579 2113; x_wconf 82' lang='grc'>21.</span> 
     </span>
    </p>

    <p class='ocr_par' dir='ltr' id='par_1_6' title="bbox 99 2127 1181 2331">
     <span class='ocr_line' id='line_1_21' title="bbox 177 2127 1180 2192; baseline 0.001 -13"><span class='ocrx_word' id='word_1_176' title='bbox 177 2131 266 2180; x_wconf 69' lang='lat' dir='ltr'>Aliud.</span> <span class='ocrx_word' id='word_1_177' title='bbox 304 2129 341 2179; x_wconf 87' lang='lat' dir='ltr'>Da</span> <span class='ocrx_word' id='word_1_178' title='bbox 368 2130 421 2180; x_wconf 85' lang='lat' dir='ltr'>dies</span> <span class='ocrx_word' id='word_1_179' title='bbox 453 2145 500 2178; x_wconf 89' lang='lat' dir='ltr'>nur</span> <span class='ocrx_word' id='word_1_180' title='bbox 526 2129 567 2179; x_wconf 87' lang='lat' dir='ltr'>ein</span> <span class='ocrx_word' id='word_1_181' title='bbox 590 2127 723 2192; x_wconf 76' lang='lat' dir='ltr'>allgemoin</span> <span class='ocrx_word' id='word_1_182' title='bbox 747 2128 895 2192; x_wconf 77' lang='lat' dir='ltr'>gehaltener</span> <span class='ocrx_word' id='word_1_183' title='bbox 916 2128 1047 2180; x_wconf 78' lang='lat' dir='ltr'>riusdruok</span> <span class='ocrx_word' id='word_1_184' title='bbox 1073 2130 1108 2181; x_wconf 90' lang='lat' dir='ltr'>ist</span> <span class='ocrx_word' id='word_1_185' title='bbox 1125 2129 1180 2182; x_wconf 83' lang='lat' dir='ltr'>fiir:</span> 
     </span>
     <span class='ocr_line' id='line_1_22' title="bbox 101 2197 1181 2264; baseline 0.002 -16"><span class='ocrx_word' id='word_1_186' title='bbox 101 2201 215 2249; x_wconf 76' lang='lat' dir='ltr'>als&#39;emm</span> <span class='ocrx_word' id='word_1_187' title='bbox 231 2201 262 2248; x_wconf 81' lang='lat' dir='ltr'>ab</span> <span class='ocrx_word' id='word_1_188' title='bbox 280 2216 329 2248; x_wconf 79' lang='lat' dir='ltr'>usu</span> <span class='ocrx_word' id='word_1_189' title='bbox 338 2199 445 2261; x_wconf 76' lang='lat' dir='ltr'>foronei,</span> <span class='ocrx_word' id='word_1_190' title='bbox 462 2213 491 2247; x_wconf 90' lang='lat' dir='ltr'>so</span> <span class='ocrx_word' id='word_1_191' title='bbox 512 2197 606 2248; x_wconf 86' lang='lat' dir='ltr'>konnto</span> <span class='ocrx_word' id='word_1_192' title='bbox 623 2197 701 2247; x_wconf 87' lang='lat' dir='ltr'>damit</span> <span class='ocrx_word' id='word_1_193' title='bbox 718 2198 778 2247; x_wconf 86' lang='lat' dir='ltr'>sehr</span> <span class='ocrx_word' id='word_1_194' title='bbox 794 2197 862 2248; x_wconf 91' lang='lat' dir='ltr'>wohl</span> <span class='ocrx_word' id='word_1_195' title='bbox 881 2197 921 2249; x_wconf 85' lang='lat' dir='ltr'>ein</span> <span class='ocrx_word' id='word_1_196' title='bbox 939 2198 1097 2264; x_wconf 73' lang='lat' dir='ltr'>steigernder</span> <span class='ocrx_word' id='word_1_197' title='bbox 1114 2199 1181 2250; x_wconf 88' lang='lat' dir='ltr'>Con-</span> 
     </span>
     <span class='ocr_line' id='line_1_23' title="bbox 99 2263 880 2331; baseline 0.003 -16"><span class='ocrx_word' id='word_1_198' title='bbox 99 2267 248 2318; x_wconf 82' lang='lat' dir='ltr'>oessivsatz</span> <span class='ocrx_word' id='word_1_199' title='bbox 266 2269 383 2331; x_wconf 76' lang='lat' dir='ltr'>(quamuis</span> <span class='ocrx_word' id='word_1_200' title='bbox 400 2293 434 2303; x_wconf 91' lang='lat'>-·</span> <span class='ocrx_word' id='word_1_201' title='bbox 451 2263 593 2331; x_wconf 79' lang='lat' dir='ltr'>loquantur)</span> <span class='ocrx_word' id='word_1_202' title='bbox 611 2265 753 2316; x_wconf 80' lang='lat' dir='ltr'>verbunden</span> <span class='ocrx_word' id='word_1_203' title='bbox 771 2267 880 2318; x_wconf 85' lang='lat' dir='ltr'>wardon.</span> 
     </span>
    </p>

    <p class='ocr_par' dir='ltr' id='par_1_7' title="bbox 177 2337 566 2398">
     <span class='ocr_line' id='line_1_24' title="bbox 177 2337 566 2398; baseline -0.005 -11"><span class='ocrx_word' id='word_1_204' title='bbox 177 2351 260 2387; x_wconf 77' lang='lat' dir='ltr'>aarum</span> <span class='ocrx_word' id='word_1_205' title='bbox 275 2338 408 2398; x_wconf 76' lang='lat' dir='ltr'>domiuum,</span> <span class='ocrx_word' id='word_1_206' title='bbox 426 2350 446 2384; x_wconf 88' lang='lat' dir='ltr'>s.</span> <span class='ocrx_word' id='word_1_207' title='bbox 467 2337 506 2397; x_wconf 90' lang='lat'>11,</span> <span class='ocrx_word' id='word_1_208' title='bbox 524 2337 566 2386; x_wconf 80' lang='lat' dir='ltr'>te.</span> 
     </span>
    </p>

    <p class='ocr_par' dir='ltr' id='par_1_8' title="bbox 99 2401 1181 2672">
     <span class='ocr_line' id='line_1_25' title="bbox 177 2401 1181 2469; baseline 0 -15"><span class='ocrx_word' id='word_1_209' title='bbox 177 2407 279 2454; x_wconf 68' lang='lat' dir='ltr'>henam:</span> <span class='ocrx_word' id='word_1_210' title='bbox 295 2403 380 2469; x_wconf 76' lang='lat' dir='ltr'>iippig,</span> <span class='ocrx_word' id='word_1_211' title='bbox 398 2418 448 2452; x_wconf 88' lang='lat' dir='ltr'>von</span> <span class='ocrx_word' id='word_1_212' title='bbox 466 2403 514 2453; x_wconf 89' lang='lat' dir='ltr'>den</span> <span class='ocrx_word' id='word_1_213' title='bbox 531 2403 670 2453; x_wconf 83' lang='lat' dir='ltr'>bliihenden</span> <span class='ocrx_word' id='word_1_214' title='bbox 681 2401 774 2453; x_wconf 83' lang='lat' dir='ltr'>Saaten</span> <span class='ocrx_word' id='word_1_215' title='bbox 793 2401 838 2453; x_wconf 83' lang='lat' dir='ltr'>aui</span> <span class='ocrx_word' id='word_1_216' title='bbox 846 2405 894 2454; x_wconf 86' lang='lat' dir='ltr'>dun</span> <span class='ocrx_word' id='word_1_217' title='bbox 908 2403 1093 2454; x_wconf 86' lang='lat' dir='ltr'>Redosohmuck</span> <span class='ocrx_word' id='word_1_218' title='bbox 1105 2403 1181 2454; x_wconf 85' lang='lat' dir='ltr'>iiber·</span> 
     </span>
     <span class='ocr_line' id='line_1_26' title="bbox 100 2469 1181 2536; baseline 0.001 -15"><span class='ocrx_word' id='word_1_219' title='bbox 100 2479 211 2536; x_wconf 62' lang='lat' dir='ltr'>uagam</span> <span class='ocrx_word' id='word_1_220' title='bbox 239 2482 262 2523; x_wconf 77' lang='lat' dir='ltr'>at</span> <span class='ocrx_word' id='word_1_221' title='bbox 275 2476 423 2534; x_wconf 75' lang='lat' dir='ltr'>palaestrae,</span> <span class='ocrx_word' id='word_1_222' title='bbox 441 2471 511 2520; x_wconf 82' lang='lat' dir='ltr'>nieht</span> <span class='ocrx_word' id='word_1_223' title='bbox 529 2475 572 2522; x_wconf 77' lang='lat' dir='ltr'>aad</span> <span class='ocrx_word' id='word_1_224' title='bbox 584 2489 620 2533; x_wconf 69' lang='grc' dir='ltr'>μ,</span> <span class='ocrx_word' id='word_1_225' title='bbox 644 2469 732 2520; x_wconf 86' lang='lat' dir='ltr'>womit</span> <span class='ocrx_word' id='word_1_226' title='bbox 750 2478 840 2536; x_wconf 76' lang='lat' dir='ltr'>gesagt</span> <span class='ocrx_word' id='word_1_227' title='bbox 858 2473 935 2535; x_wconf 70' lang='lat' dir='ltr'>odire,</span> <span class='ocrx_word' id='word_1_228' title='bbox 958 2471 1015 2522; x_wconf 85' lang='lat' dir='ltr'>dass</span> <span class='ocrx_word' id='word_1_229' title='bbox 1033 2472 1074 2522; x_wconf 86' lang='lat' dir='ltr'>die</span> <span class='ocrx_word' id='word_1_230' title='bbox 1091 2479 1181 2522; x_wconf 83' lang='lat' dir='ltr'>untur-</span> 
     </span>
     <span class='ocr_line' id='line_1_27' title="bbox 101 2537 1181 2604; baseline 0.001 -14"><span class='ocrx_word' id='word_1_231' title='bbox 101 2540 275 2591; x_wconf 83' lang='lat' dir='ltr'>sclseidenden</span> <span class='ocrx_word' id='word_1_232' title='bbox 299 2539 436 2590; x_wconf 81' lang='lat' dir='ltr'>Merkmale</span> <span class='ocrx_word' id='word_1_233' title='bbox 458 2541 504 2590; x_wconf 88' lang='lat' dir='ltr'>dor</span> <span class='ocrx_word' id='word_1_234' title='bbox 526 2537 672 2590; x_wconf 86' lang='lat' dir='ltr'>Prunkrode</span> <span class='ocrx_word' id='word_1_235' title='bbox 697 2545 750 2589; x_wconf 81' lang='lat' dir='ltr'>urst</span> <span class='ocrx_word' id='word_1_236' title='bbox 772 2540 840 2604; x_wconf 84' lang='lat' dir='ltr'>hier,</span> <span class='ocrx_word' id='word_1_237' title='bbox 867 2541 917 2591; x_wconf 89' lang='lat' dir='ltr'>und</span> <span class='ocrx_word' id='word_1_238' title='bbox 943 2540 1013 2590; x_wconf 85' lang='lat' dir='ltr'>nieht</span> <span class='ocrx_word' id='word_1_239' title='bbox 1031 2543 1115 2591; x_wconf 78' lang='lat' dir='ltr'>,sehon</span> <span class='ocrx_word' id='word_1_240' title='bbox 1139 2541 1181 2592; x_wconf 84' lang='lat' dir='ltr'>bei</span> 
     </span>
     <span class='ocr_line' id='line_1_28' title="bbox 99 2608 360 2672; baseline -0.004 -12"><span class='ocrx_word' id='word_1_241' title='bbox 99 2613 211 2660; x_wconf 60' lang='lat' dir='ltr'>anellum</span> <span class='ocrx_word' id='word_1_242' title='bbox 228 2608 360 2672; x_wconf 67' lang='lat' dir='ltr'>tegimen.</span> 
     </span>
    </p>

    <p class='ocr_par' dir='ltr' id='par_1_9' title="bbox 101 2675 1181 3084">
     <span class='ocr_line' id='line_1_29' title="bbox 177 2675 1181 2742; baseline -0.002 -14"><span class='ocrx_word' id='word_1_243' title='bbox 177 2680 239 2740; x_wconf 77' lang='lat' dir='ltr'>olel,</span> <span class='ocrx_word' id='word_1_244' title='bbox 266 2677 322 2726; x_wconf 87' lang='lat' dir='ltr'>dom</span> <span class='ocrx_word' id='word_1_245' title='bbox 343 2681 447 2729; x_wconf 77' lang='lat' dir='ltr'>nitidum</span> <span class='ocrx_word' id='word_1_246' title='bbox 471 2675 520 2725; x_wconf 86' lang='lat' dir='ltr'>und</span> <span class='ocrx_word' id='word_1_247' title='bbox 536 2679 671 2736; x_wconf 68' lang='lat' dir='ltr'>palaestrae</span> <span class='ocrx_word' id='word_1_248' title='bbox 688 2677 882 2742; x_wconf 84' lang='lat' dir='ltr'>entspreolrend,</span> <span class='ocrx_word' id='word_1_249' title='bbox 909 2692 950 2726; x_wconf 92' lang='lat' dir='ltr'>um</span> <span class='ocrx_word' id='word_1_250' title='bbox 971 2677 1018 2727; x_wconf 86' lang='lat' dir='ltr'>den</span> <span class='ocrx_word' id='word_1_251' title='bbox 1039 2676 1181 2740; x_wconf 82' lang='lat' dir='ltr'>Gegensatz</span> 
     </span>
     <span class='ocr_line' id='line_1_30' title="bbox 101 2742 1181 2811; baseline -0.002 -15"><span class='ocrx_word' id='word_1_252' title='bbox 101 2747 154 2797; x_wconf 87' lang='lat' dir='ltr'>dar</span> <span class='ocrx_word' id='word_1_253' title='bbox 174 2745 373 2811; x_wconf 72' lang='lat' dir='ltr'>sehulmdssigon</span> <span class='ocrx_word' id='word_1_254' title='bbox 389 2744 536 2796; x_wconf 83' lang='lat' dir='ltr'>Prunkrede</span> <span class='ocrx_word' id='word_1_255' title='bbox 555 2760 586 2794; x_wconf 85' lang='lat' dir='ltr'>au</span> <span class='ocrx_word' id='word_1_256' title='bbox 606 2744 653 2794; x_wconf 84' lang='lat' dir='ltr'>don</span> <span class='ocrx_word' id='word_1_257' title='bbox 666 2743 790 2795; x_wconf 80' lang='lat' dir='ltr'>Aetionan</span> <span class='ocrx_word' id='word_1_258' title='bbox 802 2742 848 2795; x_wconf 83' lang='lat' dir='ltr'>ani</span> <span class='ocrx_word' id='word_1_259' title='bbox 863 2745 917 2795; x_wconf 90' lang='lat' dir='ltr'>dem</span> <span class='ocrx_word' id='word_1_260' title='bbox 929 2746 1012 2806; x_wconf 79' lang='lat' dir='ltr'>samm</span> <span class='ocrx_word' id='word_1_261' title='bbox 1026 2745 1181 2809; x_wconf 75' lang='lat' dir='ltr'>vollstiindig</span> 
     </span>
     <span class='ocr_line' id='line_1_31' title="bbox 105 2809 1179 2880; baseline 0.002 -16"><span class='ocrx_word' id='word_1_262' title='bbox 105 2814 301 2880; x_wconf 77' lang='lat' dir='ltr'>auszupriigen3</span> <span class='ocrx_word' id='word_1_263' title='bbox 321 2809 372 2878; x_wconf 76' lang='lat' dir='ltr'>vgl.</span> <span class='ocrx_word' id='word_1_264' title='bbox 392 2814 461 2863; x_wconf 85' lang='lat' dir='ltr'>Brut.</span> <span class='ocrx_word' id='word_1_265' title='bbox 480 2815 504 2876; x_wconf 88' lang='grc'>9,</span> <span class='ocrx_word' id='word_1_266' title='bbox 524 2815 571 2864; x_wconf 77' lang='grc' dir='ltr'>37ε</span> <span class='ocrx_word' id='word_1_267' title='bbox 599 2815 730 2864; x_wconf 71' lang='lat' dir='ltr'>Phalereus</span> <span class='ocrx_word' id='word_1_268' title='bbox 747 2817 810 2864; x_wconf 80' lang='lat' dir='ltr'>mim</span> <span class='ocrx_word' id='word_1_269' title='bbox 827 2818 936 2866; x_wconf 70' lang='lat' dir='ltr'>auooesu&#39;t</span> <span class='ocrx_word' id='word_1_270' title='bbox 954 2819 988 2865; x_wconf 75' lang='lat' dir='ltr'>als</span> <span class='ocrx_word' id='word_1_271' title='bbox 1005 2817 1101 2865; x_wconf 76' lang='lat' dir='ltr'>aaur&#39;bm</span> <span class='ocrx_word' id='word_1_272' title='bbox 1117 2819 1179 2866; x_wconf 84' lang='lat' dir='ltr'>adu-</span> 
     </span>
     <span class='ocr_line' id='line_1_32' title="bbox 103 2883 1180 2946; baseline -0.003 -11"><span class='ocrx_word' id='word_1_273' title='bbox 103 2887 196 2936; x_wconf 79' lang='lat' dir='ltr'>luaaua</span> <span class='ocrx_word' id='word_1_274' title='bbox 214 2887 392 2934; x_wconf 64' lang='lat' dir='ltr'>muniemus</span> <span class='ocrx_word' id='word_1_275' title='bbox 414 2886 454 2932; x_wconf 77' lang='lat' dir='ltr'>ille</span> <span class='ocrx_word' id='word_1_276' title='bbox 474 2884 572 2946; x_wconf 76' lang='lat' dir='ltr'>quidem</span> <span class='ocrx_word' id='word_1_277' title='bbox 589 2883 678 2934; x_wconf 78' lang='lat' dir='ltr'>uorum</span> <span class='ocrx_word' id='word_1_278' title='bbox 697 2885 816 2946; x_wconf 81' lang='lat' dir='ltr'>emulum,</span> <span class='ocrx_word' id='word_1_279' title='bbox 844 2887 888 2932; x_wconf 78' lang='lat' dir='ltr'>aad</span> <span class='ocrx_word' id='word_1_280' title='bbox 909 2899 958 2934; x_wconf 81' lang='lat' dir='ltr'>nou</span> <span class='ocrx_word' id='word_1_281' title='bbox 980 2891 1030 2934; x_wconf 86' lang='lat' dir='ltr'>tam</span> <span class='ocrx_word' id='word_1_282' title='bbox 1046 2886 1122 2934; x_wconf 76' lang='lat' dir='ltr'>amir</span> <span class='ocrx_word' id='word_1_283' title='bbox 1140 2887 1180 2932; x_wconf 79' lang='lat' dir='ltr'>lu·</span> 
     </span>
     <span class='ocr_line' id='line_1_33' title="bbox 101 2947 1180 3016; baseline -0.002 -12"><span class='ocrx_word' id='word_1_284' title='bbox 101 2956 206 3004; x_wconf 72' lang='lat' dir='ltr'>ultum</span> <span class='ocrx_word' id='word_1_285' title='bbox 230 2969 305 3016; x_wconf 82' lang='lat' dir='ltr'>quam</span> <span class='ocrx_word' id='word_1_286' title='bbox 325 2955 464 3014; x_wconf 75' lang='lat' dir='ltr'>palaestra5</span> <span class='ocrx_word' id='word_1_287' title='bbox 491 2965 527 3003; x_wconf 90' lang='lat' dir='ltr'>or.</span> <span class='ocrx_word' id='word_1_288' title='bbox 550 2951 589 3011; x_wconf 82' lang='lat'>13,</span> <span class='ocrx_word' id='word_1_289' title='bbox 611 2953 656 3002; x_wconf 83' lang='lat'>42:</span> <span class='ocrx_word' id='word_1_290' title='bbox 681 2966 784 3012; x_wconf 74' lang='lat' dir='ltr'>pompae</span> <span class='ocrx_word' id='word_1_291' title='bbox 800 2967 873 3015; x_wconf 85' lang='lat' dir='ltr'>quam</span> <span class='ocrx_word' id='word_1_292' title='bbox 885 2967 983 3016; x_wconf 62' lang='lat' dir='ltr'>eaquae</span> <span class='ocrx_word' id='word_1_293' title='bbox 999 2947 1084 3016; x_wconf 72' lang='lat' dir='ltr'>(uenus</span> <span class='ocrx_word' id='word_1_294' title='bbox 1102 2955 1180 3014; x_wconf 75' lang='lat' dir='ltr'>epidi-</span> 
     </span>
     <span class='ocr_line' id='line_1_34' title="bbox 101 3019 1131 3084; baseline -0.002 -12"><span class='ocrx_word' id='word_1_295' title='bbox 101 3019 204 3083; x_wconf 81' lang='lat' dir='ltr'>allaum)</span> <span class='ocrx_word' id='word_1_296' title='bbox 222 3025 307 3082; x_wconf 73' lang='lat' dir='ltr'>aptius</span> <span class='ocrx_word' id='word_1_297' title='bbox 320 3023 455 3084; x_wconf 65' lang='lat' dir='ltr'>nummulis</span> <span class='ocrx_word' id='word_1_298' title='bbox 473 3028 495 3069; x_wconf 81' lang='lat' dir='ltr'>rt</span> <span class='ocrx_word' id='word_1_299' title='bbox 507 3023 642 3079; x_wconf 72' lang='lat' dir='ltr'>palaestrae</span> <span class='ocrx_word' id='word_1_300' title='bbox 660 3022 771 3080; x_wconf 77' lang='lat' dir='ltr'>dicatum,</span> <span class='ocrx_word' id='word_1_301' title='bbox 791 3029 898 3082; x_wconf 77' lang='lat' dir='ltr'>spretum</span> <span class='ocrx_word' id='word_1_302' title='bbox 916 3029 939 3071; x_wconf 77' lang='lat' dir='ltr'>et</span> <span class='ocrx_word' id='word_1_303' title='bbox 950 3023 1051 3081; x_wconf 77' lang='lat' dir='ltr'>pulsum</span> <span class='ocrx_word' id='word_1_304' title='bbox 1063 3020 1131 3083; x_wconf 87' lang='lat' dir='ltr'>foro.</span> 
     </span>
    </p>

    <p class='ocr_par' dir='ltr' id='par_1_10' title="bbox 101 3084 1272 3770">
     <span class='ocr_line' id='line_1_35' title="bbox 179 3084 1180 3152; baseline -0.004 -10"><span class='ocrx_word' id='word_1_305' title='bbox 179 3091 221 3142; x_wconf 86' lang='lat'>82.</span> <span class='ocrx_word' id='word_1_306' title='bbox 245 3091 363 3152; x_wconf 75' lang='lat' dir='ltr'>Namque.</span> <span class='ocrx_word' id='word_1_307' title='bbox 391 3087 438 3138; x_wconf 80' lang='lat' dir='ltr'>llio</span> <span class='ocrx_word' id='word_1_308' title='bbox 449 3086 614 3150; x_wconf 75' lang='lat' dir='ltr'>Begriindung</span> <span class='ocrx_word' id='word_1_309' title='bbox 630 3084 694 3150; x_wconf 78' lang='lat' dir='ltr'>folgt</span> <span class='ocrx_word' id='word_1_310' title='bbox 706 3092 759 3137; x_wconf 85' lang='lat' dir='ltr'>urst</span> <span class='ocrx_word' id='word_1_311' title='bbox 774 3086 802 3136; x_wconf 89' lang='lat' dir='ltr'>in</span> <span class='ocrx_word' id='word_1_312' title='bbox 819 3087 920 3137; x_wconf 80' lang='lat' dir='ltr'>dormit</span> <span class='ocrx_word' id='word_1_313' title='bbox 938 3087 951 3148; x_wconf 60' lang='grc' dir='ltr'>ᾗ</span> <span class='ocrx_word' id='word_1_314' title='bbox 965 3089 996 3140; x_wconf 87' lang='grc'>83</span> <span class='ocrx_word' id='word_1_315' title='bbox 1010 3087 1180 3152; x_wconf 78' lang='lat' dir='ltr'>bugianenden</span> 
     </span>
     <span class='ocr_line' id='line_1_36' title="bbox 105 3153 1272 3221; baseline -0.002 -13"><span class='ocrx_word' id='word_1_316' title='bbox 105 3157 402 3220; x_wconf 73' lang='lat' dir='ltr'>Auseinandersetzung,</span> <span class='ocrx_word' id='word_1_317' title='bbox 429 3155 540 3206; x_wconf 84' lang='lat' dir='ltr'>wolcher</span> <span class='ocrx_word' id='word_1_318' title='bbox 560 3155 604 3204; x_wconf 89' lang='lat' dir='ltr'>der</span> <span class='ocrx_word' id='word_1_319' title='bbox 622 3153 742 3205; x_wconf 82' lang='lat' dir='ltr'>Gedanke</span> <span class='ocrx_word' id='word_1_320' title='bbox 759 3171 790 3205; x_wconf 87' lang='lat' dir='ltr'>zu</span> <span class='ocrx_word' id='word_1_321' title='bbox 809 3153 909 3206; x_wconf 84' lang='lat' dir='ltr'>Grande</span> <span class='ocrx_word' id='word_1_322' title='bbox 933 3155 1008 3220; x_wconf 78' lang='lat' dir='ltr'>liegt:</span> <span class='ocrx_word' id='word_1_323' title='bbox 1041 3160 1109 3221; x_wconf 82' lang='lat' dir='ltr'>quod</span> <span class='ocrx_word' id='word_1_324' title='bbox 1123 3160 1180 3207; x_wconf 76' lang='lat' dir='ltr'>olim</span> <span class='ocrx_word' id='word_1_325' title='bbox 1271 3203 1272 3206; x_wconf 76' lang='grc'><strong>,</strong></span> 
     </span>
     <span class='ocr_line' id='line_1_37' title="bbox 106 3226 1179 3288; baseline -0.002 -10"><span class='ocrx_word' id='word_1_326' title='bbox 106 3230 162 3278; x_wconf 74' lang='lat' dir='ltr'>as&#39;rs‘</span> <span class='ocrx_word' id='word_1_327' title='bbox 179 3229 312 3277; x_wconf 55' lang='lat' dir='ltr'>madelmi</span> <span class='ocrx_word' id='word_1_328' title='bbox 330 3241 419 3276; x_wconf 76' lang='lat' dir='ltr'>munus</span> <span class='ocrx_word' id='word_1_329' title='bbox 437 3228 541 3275; x_wconf 69' lang='lat' dir='ltr'>oratoru</span> <span class='ocrx_word' id='word_1_330' title='bbox 554 3240 605 3274; x_wconf 80' lang='lat' dir='ltr'>me</span> <span class='ocrx_word' id='word_1_331' title='bbox 623 3227 757 3286; x_wconf 74' lang='lat' dir='ltr'>uoluerunt,</span> <span class='ocrx_word' id='word_1_332' title='bbox 776 3226 804 3274; x_wconf 76' lang='lat' dir='ltr'>td</span> <span class='ocrx_word' id='word_1_333' title='bbox 814 3229 902 3286; x_wconf 77' lang='lat' dir='ltr'>proaul</span> <span class='ocrx_word' id='word_1_334' title='bbox 916 3227 946 3275; x_wconf 85' lang='lat' dir='ltr'>ab</span> <span class='ocrx_word' id='word_1_335' title='bbox 963 3242 1009 3276; x_wconf 80' lang='lat' dir='ltr'>suu</span> <span class='ocrx_word' id='word_1_336' title='bbox 1024 3226 1121 3288; x_wconf 79' lang='lat' dir='ltr'>forami</span> <span class='ocrx_word' id='word_1_337' title='bbox 1136 3227 1179 3276; x_wconf 75' lang='lat' dir='ltr'>ad-</span> 
     </span>
     <span class='ocr_line' id='line_1_38' title="bbox 102 3292 1179 3358; baseline -0.004 -12"><span class='ocrx_word' id='word_1_338' title='bbox 102 3298 208 3346; x_wconf 74' lang='lat' dir='ltr'>torm</span> <span class='ocrx_word' id='word_1_339' title='bbox 224 3296 347 3357; x_wconf 70' lang='lat' dir='ltr'>mauult.</span> <span class='ocrx_word' id='word_1_340' title='bbox 394 3293 445 3342; x_wconf 87' lang='lat' dir='ltr'>Der</span> <span class='ocrx_word' id='word_1_341' title='bbox 465 3295 575 3356; x_wconf 61' lang='lat' dir='ltr'>sanast</span> <span class='ocrx_word' id='word_1_342' title='bbox 597 3294 628 3344; x_wconf 83' lang='lat'>82</span> <span class='ocrx_word' id='word_1_343' title='bbox 652 3292 753 3342; x_wconf 83' lang='lat' dir='ltr'>enth&#39;alt</span> <span class='ocrx_word' id='word_1_344' title='bbox 777 3308 824 3342; x_wconf 89' lang='lat' dir='ltr'>nur</span> <span class='ocrx_word' id='word_1_345' title='bbox 848 3292 946 3357; x_wconf 75' lang='lat' dir='ltr'>ioqiseh</span> <span class='ocrx_word' id='word_1_346' title='bbox 969 3293 1179 3358; x_wconf 78' lang='lat' dir='ltr'>untergeordneto</span> 
     </span>
     <span class='ocr_line' id='line_1_39' title="bbox 107 3359 1178 3426; baseline -0.004 -13"><span class='ocrx_word' id='word_1_347' title='bbox 107 3363 250 3425; x_wconf 79' lang='lat' dir='ltr'>Memento,</span> <span class='ocrx_word' id='word_1_348' title='bbox 275 3361 372 3412; x_wconf 77' lang='lat' dir='ltr'>wolone</span> <span class='ocrx_word' id='word_1_349' title='bbox 397 3362 475 3412; x_wconf 87' lang='lat' dir='ltr'>duroh</span> <span class='ocrx_word' id='word_1_350' title='bbox 498 3359 582 3410; x_wconf 87' lang='lat' dir='ltr'>lautor</span> <span class='ocrx_word' id='word_1_351' title='bbox 601 3359 761 3410; x_wconf 76' lang='lat' dir='ltr'>Nebeusiitzo</span> <span class='ocrx_word' id='word_1_352' title='bbox 784 3361 872 3412; x_wconf 81' lang='lat' dir='ltr'>hiitton</span> <span class='ocrx_word' id='word_1_353' title='bbox 891 3362 1058 3426; x_wconf 71' lang='lat' dir='ltr'>uusgedriiokt</span> <span class='ocrx_word' id='word_1_354' title='bbox 1077 3361 1178 3411; x_wconf 84' lang='lat' dir='ltr'>wardan</span> 
     </span>
     <span class='ocr_line' id='line_1_40' title="bbox 103 3427 1178 3494; baseline -0.005 -12"><span class='ocrx_word' id='word_1_355' title='bbox 103 3427 197 3482; x_wconf 81' lang='lat' dir='ltr'>sollen.</span> <span class='ocrx_word' id='word_1_356' title='bbox 226 3431 278 3481; x_wconf 87' lang='lat' dir='ltr'>Der</span> <span class='ocrx_word' id='word_1_357' title='bbox 290 3431 369 3483; x_wconf 86' lang='lat' dir='ltr'>doroh</span> <span class='ocrx_word' id='word_1_358' title='bbox 380 3439 459 3482; x_wconf 75' lang='lat' dir='ltr'>turum</span> <span class='ocrx_word' id='word_1_359' title='bbox 476 3428 637 3492; x_wconf 74' lang='lat' dir='ltr'>aingeloitote</span> <span class='ocrx_word' id='word_1_360' title='bbox 650 3427 793 3494; x_wconf 72' lang='lat' dir='ltr'>Gagonsatz</span> <span class='ocrx_word' id='word_1_361' title='bbox 805 3428 868 3494; x_wconf 72' lang='lat' dir='ltr'>liagt</span> <span class='ocrx_word' id='word_1_362' title='bbox 882 3429 953 3480; x_wconf 83' lang='lat' dir='ltr'>nieht</span> <span class='ocrx_word' id='word_1_363' title='bbox 969 3428 995 3478; x_wconf 91' lang='lat' dir='ltr'>in</span> <span class='ocrx_word' id='word_1_364' title='bbox 1010 3429 1057 3479; x_wconf 82' lang='lat' dir='ltr'>don</span> <span class='ocrx_word' id='word_1_365' title='bbox 1069 3428 1178 3479; x_wconf 84' lang='lat' dir='ltr'>Wortan</span> 
     </span>
     <span class='ocr_line' id='line_1_41' title="bbox 101 3495 1180 3563; baseline -0.006 -13"><span class='ocrx_word' id='word_1_366' title='bbox 101 3503 238 3562; x_wconf 75' lang='lat' dir='ltr'>aomplun&#39;a</span> <span class='ocrx_word' id='word_1_367' title='bbox 255 3525 291 3536; x_wconf 90' lang='lat'>--</span> <span class='ocrx_word' id='word_1_368' title='bbox 306 3507 476 3561; x_wconf 59' lang='lat' dir='ltr'>munus,</span> <span class='ocrx_word' id='word_1_369' title='bbox 502 3497 609 3548; x_wconf 86' lang='lat' dir='ltr'>sondern</span> <span class='ocrx_word' id='word_1_370' title='bbox 627 3497 652 3545; x_wconf 87' lang='lat' dir='ltr'>iu</span> <span class='ocrx_word' id='word_1_371' title='bbox 670 3514 723 3548; x_wconf 75' lang='lat' dir='ltr'>uum</span> <span class='ocrx_word' id='word_1_372' title='bbox 740 3503 824 3550; x_wconf 72' lang='lat' dir='ltr'>aotldu</span> <span class='ocrx_word' id='word_1_373' title='bbox 842 3525 874 3533; x_wconf 93' lang='lat'>—</span> <span class='ocrx_word' id='word_1_374' title='bbox 892 3501 1049 3560; x_wconf 68' lang='lat' dir='ltr'>dumosam,</span> <span class='ocrx_word' id='word_1_375' title='bbox 1068 3496 1116 3547; x_wconf 90' lang='lat' dir='ltr'>und</span> <span class='ocrx_word' id='word_1_376' title='bbox 1133 3495 1180 3563; x_wconf 84' lang='lat' dir='ltr'>mit</span> 
     </span>
     <span class='ocr_line' id='line_1_42' title="bbox 102 3562 1179 3631; baseline -0.003 -14"><span class='ocrx_word' id='word_1_377' title='bbox 102 3571 150 3619; x_wconf 77' lang='lat' dir='ltr'>aed</span> <span class='ocrx_word' id='word_1_378' title='bbox 165 3567 231 3617; x_wconf 86' lang='lat' dir='ltr'>wird</span> <span class='ocrx_word' id='word_1_379' title='bbox 248 3569 408 3631; x_wconf 74' lang='lat' dir='ltr'>augadeutot,</span> <span class='ocrx_word' id='word_1_380' title='bbox 429 3566 486 3617; x_wconf 88' lang='lat' dir='ltr'>dass</span> <span class='ocrx_word' id='word_1_381' title='bbox 507 3566 552 3616; x_wconf 84' lang='lat' dir='ltr'>der</span> <span class='ocrx_word' id='word_1_382' title='bbox 568 3562 747 3629; x_wconf 80' lang='lat' dir='ltr'>unfreiwillige</span> <span class='ocrx_word' id='word_1_383' title='bbox 761 3564 912 3617; x_wconf 82' lang='lat' dir='ltr'>Auienthalt</span> <span class='ocrx_word' id='word_1_384' title='bbox 923 3563 964 3616; x_wconf 83' lang='lat' dir='ltr'>iiir</span> <span class='ocrx_word' id='word_1_385' title='bbox 978 3564 1100 3615; x_wconf 82' lang='lat' dir='ltr'>Antonius</span> <span class='ocrx_word' id='word_1_386' title='bbox 1115 3563 1179 3614; x_wconf 81' lang='lat' dir='ltr'>doeh</span> 
     </span>
     <span class='ocr_line' id='line_1_43' title="bbox 105 3630 1179 3700; baseline -0.005 -14"><span class='ocrx_word' id='word_1_387' title='bbox 105 3635 179 3686; x_wconf 77' lang='lat' dir='ltr'>nieht</span> <span class='ocrx_word' id='word_1_388' title='bbox 200 3651 267 3700; x_wconf 70' lang='lat' dir='ltr'>ganz</span> <span class='ocrx_word' id='word_1_389' title='bbox 285 3636 383 3686; x_wconf 85' lang='lat' dir='ltr'>nutalos</span> <span class='ocrx_word' id='word_1_390' title='bbox 401 3651 462 3686; x_wconf 84' lang='lat' dir='ltr'>war.</span> <span class='ocrx_word' id='word_1_391' title='bbox 497 3633 543 3684; x_wconf 86' lang='lat' dir='ltr'>Dia</span> <span class='ocrx_word' id='word_1_392' title='bbox 563 3648 641 3698; x_wconf 77' lang='lat' dir='ltr'>gunzo</span> <span class='ocrx_word' id='word_1_393' title='bbox 659 3631 765 3685; x_wconf 84' lang='lat' dir='ltr'>Poriode</span> <span class='ocrx_word' id='word_1_394' title='bbox 785 3635 819 3685; x_wconf 89' lang='lat' dir='ltr'>ist</span> <span class='ocrx_word' id='word_1_395' title='bbox 839 3636 903 3685; x_wconf 85' lang='lat' dir='ltr'>nueh</span> <span class='ocrx_word' id='word_1_396' title='bbox 920 3634 969 3684; x_wconf 85' lang='lat' dir='ltr'>Art</span> <span class='ocrx_word' id='word_1_397' title='bbox 986 3633 1028 3683; x_wconf 86' lang='lat' dir='ltr'>des</span> <span class='ocrx_word' id='word_1_398' title='bbox 1048 3630 1179 3696; x_wconf 77' lang='lat' dir='ltr'>ungeban-</span> 
     </span>
     <span class='ocr_line' id='line_1_44' title="bbox 103 3701 660 3770; baseline -0.007 -16"><span class='ocrx_word' id='word_1_399' title='bbox 103 3705 186 3756; x_wconf 82' lang='lat' dir='ltr'>danen</span> <span class='ocrx_word' id='word_1_400' title='bbox 205 3703 420 3770; x_wconf 75' lang='lat' dir='ltr'>Gesprdehstones</span> <span class='ocrx_word' id='word_1_401' title='bbox 438 3702 515 3754; x_wconf 83' lang='lat' dir='ltr'>iroier</span> <span class='ocrx_word' id='word_1_402' title='bbox 531 3701 660 3767; x_wconf 69' lang='lat' dir='ltr'>gastaitot.</span> 
     </span>
    </p>

    <p class='ocr_par' dir='ltr' id='par_1_11' title="bbox 102 3766 1177 3892">
     <span class='ocr_line' id='line_1_45' title="bbox 171 3766 1177 3839; baseline -0.003 -16"><span class='ocrx_word' id='word_1_403' title='bbox 171 3790 221 3836; x_wconf 67' lang='lat' dir='ltr'>pra</span> <span class='ocrx_word' id='word_1_404' title='bbox 240 3777 350 3839; x_wconf 76' lang='lat' dir='ltr'>musula,</span> <span class='ocrx_word' id='word_1_405' title='bbox 375 3771 409 3822; x_wconf 87' lang='lat' dir='ltr'>im</span> <span class='ocrx_word' id='word_1_406' title='bbox 426 3771 448 3821; x_wconf 90' lang='lat' dir='ltr'>l.</span> <span class='ocrx_word' id='word_1_407' title='bbox 472 3773 528 3834; x_wconf 83' lang='lat'>103,</span> <span class='ocrx_word' id='word_1_408' title='bbox 554 3769 595 3821; x_wconf 85' lang='lat' dir='ltr'>oin</span> <span class='ocrx_word' id='word_1_409' title='bbox 612 3769 675 3820; x_wconf 88' lang='lat' dir='ltr'>lahr</span> <span class='ocrx_word' id='word_1_410' title='bbox 698 3772 762 3821; x_wconf 86' lang='lat' dir='ltr'>nauh</span> <span class='ocrx_word' id='word_1_411' title='bbox 783 3769 866 3822; x_wconf 82' lang='lat' dir='ltr'>seium·</span> <span class='ocrx_word' id='word_1_412' title='bbox 888 3768 990 3820; x_wconf 84' lang='lat' dir='ltr'>Pr&#39;a&#39;tur.</span> <span class='ocrx_word' id='word_1_413' title='bbox 1038 3766 1074 3818; x_wconf 80' lang='lat' dir='ltr'>Er</span> <span class='ocrx_word' id='word_1_414' title='bbox 1100 3767 1177 3820; x_wconf 86' lang='lat' dir='ltr'>solita</span> 
     </span>
     <span class='ocr_line' id='line_1_46' title="bbox 102 3837 681 3892; baseline -0.005 0"><span class='ocrx_word' id='word_1_415' title='bbox 102 3841 162 3892; x_wconf 81' lang='lat' dir='ltr'>dem</span> <span class='ocrx_word' id='word_1_416' title='bbox 179 3841 405 3892; x_wconf 76' lang='lat' dir='ltr'>Seortutarwason</span> <span class='ocrx_word' id='word_1_417' title='bbox 423 3840 464 3891; x_wconf 84' lang='lat' dir='ltr'>ein</span> <span class='ocrx_word' id='word_1_418' title='bbox 481 3837 551 3888; x_wconf 83' lang='lat' dir='ltr'>Euda</span> <span class='ocrx_word' id='word_1_419' title='bbox 570 3839 681 3889; x_wconf 83' lang='lat' dir='ltr'>maohen.</span> 
     </span>
    </p>

    <p class='ocr_par' dir='ltr' id='par_1_12' title="bbox 174 3907 1179 3974">
     <span class='ocr_line' id='line_1_47' title="bbox 174 3907 1179 3974; baseline -0.004 -13"><span class='ocrx_word' id='word_1_420' title='bbox 174 3920 226 3962; x_wconf 79' lang='lat' dir='ltr'>tuus</span> <span class='ocrx_word' id='word_1_421' title='bbox 242 3912 283 3962; x_wconf 70' lang='lat' dir='ltr'>ul.</span> <span class='ocrx_word' id='word_1_422' title='bbox 325 3908 362 3959; x_wconf 83' lang='lat' dir='ltr'>Za</span> <span class='ocrx_word' id='word_1_423' title='bbox 385 3910 429 3959; x_wconf 88' lang='lat' dir='ltr'>der</span> <span class='ocrx_word' id='word_1_424' title='bbox 446 3907 635 3971; x_wconf 76' lang='lat' dir='ltr'>Wortstelluog</span> <span class='ocrx_word' id='word_1_425' title='bbox 659 3907 710 3972; x_wconf 63' lang='grc' dir='ltr'>νεὶ</span> <span class='ocrx_word' id='word_1_426' title='bbox 729 3910 772 3974; x_wconf 83' lang='grc'>45,</span> <span class='ocrx_word' id='word_1_427' title='bbox 790 3909 854 3960; x_wconf 81' lang='lat'><strong>200:</strong></span> <span class='ocrx_word' id='word_1_428' title='bbox 882 3907 986 3956; x_wconf 70' lang='lat' dir='ltr'>malma</span> <span class='ocrx_word' id='word_1_429' title='bbox 1014 3908 1099 3958; x_wconf 72' lang='lat' dir='ltr'>cotidie</span> <span class='ocrx_word' id='word_1_430' title='bbox 1116 3907 1179 3969; x_wconf 80' lang='lat' dir='ltr'>sra-</span> 
     </span>
    </p>

    <p class='ocr_par' dir='ltr' id='par_1_13' title="bbox 100 3973 1176 4044">
     <span class='ocr_line' id='line_1_48' title="bbox 100 3973 1176 4044; baseline -0.006 -12"><span class='ocrx_word' id='word_1_431' title='bbox 100 3983 201 4044; x_wconf 68' lang='lat' dir='ltr'>wera</span> <span class='ocrx_word' id='word_1_432' title='bbox 217 3981 314 4034; x_wconf 62' lang='lat' dir='ltr'>musar.</span> <span class='ocrx_word' id='word_1_433' title='bbox 349 3975 423 4029; x_wconf 84' lang='lat' dir='ltr'>Diaso</span> <span class='ocrx_word' id='word_1_434' title='bbox 440 3980 546 4028; x_wconf 75' lang='lat' dir='ltr'>traiectio</span> <span class='ocrx_word' id='word_1_435' title='bbox 566 3975 609 4026; x_wconf 87' lang='lat' dir='ltr'>des</span> <span class='ocrx_word' id='word_1_436' title='bbox 623 3974 685 4026; x_wconf 77' lang='lat' dir='ltr'>ddv.</span> <span class='ocrx_word' id='word_1_437' title='bbox 699 3973 764 4040; x_wconf 73' lang='lat' dir='ltr'>folgt</span> <span class='ocrx_word' id='word_1_438' title='bbox 783 3973 809 4026; x_wconf 87' lang='lat' dir='ltr'>in</span> <span class='ocrx_word' id='word_1_439' title='bbox 827 3975 872 4026; x_wconf 85' lang='lat' dir='ltr'>dor</span> <span class='ocrx_word' id='word_1_440' title='bbox 886 3973 965 4038; x_wconf 72' lang='lat' dir='ltr'>Roqel</span> <span class='ocrx_word' id='word_1_441' title='bbox 982 3974 1176 4042; x_wconf 75' lang='lat' dir='ltr'>rhythmisohoa</span> 
     </span>
    </p>
   </div>
   <div class='ocr_carea' id='block_1_6' title="bbox 0 0 1418 4520">
    <p class='ocr_par' dir='ltr' id='par_1_14' title="bbox 0 0 1418 4520">
     <span class='ocr_line' id='line_1_49' title="bbox 0 0 1418 4520; baseline 0 2"><span class='ocrx_word' id='word_1_442' title='bbox 0 0 1418 4520; x_wconf 95' lang='lat' dir='ltr'> </span> 
     </span>
    </p>
   </div>
  </div>
 </body>
</html>
