2750 4526
282 346 325 397 nu
345 347 507 411 onnronc,
528 349 573 403 us.
592 347 622 399 n.
642 365 696 416 cap.
716 353 757 404 to.
780 349 796 415 s
817 353 960 404 ιιι-ιιι.
1117 353 1163 419 89

86 503 299 581 sempiternum
323 513 439 581 tempus
462 515 592 582 spectare
608 503 723 566 debent.
760 507 854 582 litque
870 515 996 584 unoque
1009 507 1041 566 in
1057 525 1164 585 genere

86 599 113 647 et
143 587 340 648 similitudinis
369 597 397 647 et
427 588 673 650 dissimilitudinis
706 591 839 668 exempla
873 589 943 652 sunl
973 610 1009 652 ex
1038 591 1163 652 ahoruns

87 671 169 732 lactis
192 681 241 732 aut
260 672 343 732 dictis
365 683 414 732 aut
431 675 542 734 eventis
558 683 585 734 et
598 674 681 735 lictae
697 676 879 735 narrationes
896 694 982 754 saepe
998 676 1162 754 ponendae.

86 758 147 817 lam
170 776 207 816 ex
229 757 393 818 contrario:
415 757 446 818 Si
469 757 516 822 Ti.
533 759 683 820 Gracchus
705 761 825 832 nelarie,
848 761 995 838 praeclare
1017 761 1161 840 Opimius.

86 843 129 902 Ex
154 841 422 920 consequentibus:
452 843 481 903 Si
504 853 532 904 et
554 847 635 904 terro
657 845 830 906 interfectus
852 845 898 906 ille
921 854 950 906 et
972 853 1004 906 tu
1024 847 1162 908 inimicus
1177 847 1239 898 17ον

87 928 148 986 eius
180 945 248 986 eum
279 923 374 1006 gladio
405 937 528 988 cruento
555 929 789 1008 comprehensus
817 929 847 989 iu
876 931 925 990 illo
949 931 1015 1010 ipso
1041 931 1106 992 loco
1136 941 1164 992 et

88 1029 175 1071 nemo
207 1021 323 1089 praeter
349 1021 376 1072 te
405 1011 445 1072 ibi
473 1013 554 1074 visus
581 1022 675 1074 estet
697 1033 783 1075 causa
808 1016 918 1075 nemini
941 1024 969 1076 ot
991 1025 1023 1076 tu
1046 1035 1163 1096 semper

87 1097 192 1169 audax,
216 1097 286 1174 quid
307 1103 352 1157 est
372 1098 453 1176 quod
475 1098 512 1157 de
536 1100 666 1159 facinore
688 1099 820 1160 dubitare
835 1097 1009 1178 possimus?
1030 1101 1074 1162 Ex
1088 1119 1162 1162 con-

89 1181 235 1252 sentaneis
263 1190 292 1241 et
310 1200 347 1242 ex
370 1183 627 1260 praecurrentibus
651 1193 679 1244 et
701 1203 736 1244 ex
760 1185 1008 1264 repugnantibus
1039 1195 1070 1247 ut
1093 1187 1162 1247 olim

88 1269 209 1326 Crassus
232 1266 421 1328 adulescens:
444 1269 510 1328 Nou
532 1267 556 1328 si
572 1268 723 1346 Opimium
741 1269 904 1350 defendisti,
927 1270 1031 1336 Carbo.
1049 1271 1160 1332 idcirco

88 1360 113 1411 te
133 1351 180 1411 isti
203 1351 319 1412 bonum
342 1350 435 1412 civem
456 1352 609 1431 putabunt.
655 1355 813 1415 Simulasse
841 1363 867 1414 te
891 1363 919 1416 et
940 1354 1047 1434 aliquid
1072 1374 1162 1434 quae-

58 1452 64 1459 ·
89 1438 159 1496 sisse
182 1437 376 1514 perspicuum
400 1447 451 1508 est,
473 1438 555 1515 qtrod
577 1439 619 1498 Ti.
637 1440 759 1500 Gracchi
784 1449 909 1500 mortem
932 1459 1018 1519 saepe
1041 1441 1072 1501 in
1089 1460 1162 1500 cou-

90 1521 219 1582 tionibus
239 1521 407 1600 deplorasti,
434 1523 513 1601 quod
537 1523 569 1582 P.
592 1524 721 1584 Africani
748 1525 826 1584 necis
849 1525 947 1585 socius
970 1526 1060 1598 luisti,
1083 1527 1163 1603 quod

91 1625 152 1666 eam
172 1608 269 1685 legem
289 1607 322 1667 in
344 1606 491 1667 tribunatu
511 1608 610 1680 tulisti,
635 1609 714 1686 quod
737 1628 855 1687 semper
876 1609 994 1670 abonis
1008 1611 1163 1671 dissedisti.

89 1692 130 1752 Ex
150 1692 247 1752 causis
270 1700 368 1752 autem
390 1711 492 1752 rerum
516 1693 574 1753 sic:
605 1694 758 1754 Avaritiam
784 1695 809 1753 si
831 1695 931 1754 tollere
953 1696 1046 1768 voltis,
1071 1697 1235 1756 mater-171·

90 1777 148 1836 eius
170 1785 215 1838 est
237 1777 378 1848 tollenda,
406 1777 546 1838 luxuries.
591 1779 634 1838 Ex
656 1779 690 1838 iis
713 1788 823 1848 autem,
852 1798 927 1858 quae
950 1790 1019 1840 sunt
1041 1789 1104 1840 orta
1127 1781 1162 1841 de

90 1862 198 1922 causis:
222 1861 254 1922 Si
275 1861 378 1922 aerarii
399 1863 491 1940 copiis
514 1873 541 1923 et
563 1863 599 1924 ad
622 1863 687 1923 belli
707 1864 874 1924 arhumeuta
890 1874 917 1924 et
937 1864 972 1924 ad
990 1876 1162 1926 ornamenta

90 1948 165 2022 pacis
189 1947 312 2022 utimur,
336 1947 521 2025 vectigalibus
544 1949 715 2008 serviamus.
753 1949 861 2009 blaiora
883 1958 981 2009 autem
1004 1959 1033 2009 et
1046 1951 1162 2010 minora
1178 1959 1236 2010 tm.

91 2042 117 2091 et
137 2033 218 2111 paria
248 2031 485 2109 comparabimus
509 2033 567 2093 sic:
605 2051 640 2093 ex
663 2035 789 2094 maiore:
827 2035 858 2094 Si
888 2034 966 2094 bona
989 2034 1161 2095 existimatio

91 2115 191 2178 ‹livitiis
214 2123 343 2196 praestat
364 2125 392 2178 et
409 2117 534 2196 pecunia
558 2127 636 2178 tanto
659 2137 747 2197 opere
771 2119 923 2198 expetitur,
946 2128 1055 2196 quanto
1072 2120 1161 2197 gloria

92 2203 177 2280 magis
199 2211 245 2263 est
268 2200 445 2281 expetenda!
469 2222 504 2262 ex
529 2203 658 2264 minore:

91 2311 299 2320 *a*

157 2356 213 2406 169.
241 2363 347 2415 spectare
364 2354 409 2402 hat
429 2353 454 2403 iu
473 2354 518 2404 der
528 2354 710 2418 iibertrageaen
724 2356 866 2418 Bedeutuug
879 2352 936 2406 “aul
945 2362 1024 2407 etwas
1036 2356 1162 2418 gerichtet

92 2422 141 2471 seia
158 2423 219 2471 oder
240 2417 372 2472 hiazielen'
395 2429 459 2473 stets
480 2422 645 2478 deuhlosscu
662 2424 721 2474 Aee.
742 2424 781 2473 bei
799 2424 861 2476 sich.
900 2424 956 2488 Vgl.
975 2428 1016 2485 50,
1035 2427 1092 2478 204.

154 2493 260 2554 nefaris.
297 2488 377 2541 Ueber
392 2491 432 2541 die
451 2491 606 2556 buslassung
627 2496 824 2553 vertentem
845 2496 868 2552 9,
890 2495 936 2546 38:
960 2497 989 2544 tu
1004 2497 1070 2557 qnod
1085 2498 1162 2544 mntts'.

157 2562 214 2612 170.
248 2561 289 2609 m
307 2563 509 2624 consequentibns,
531 2561 554 2610 d.
573 2562 658 2614 haus
679 2562 725 2611 deu
748 2559 906 2623 Umsta'uden,
929 2562 1025 2612 welche
1043 2562 1088 2612 der
1105 2561 1162 2612 Zeit

93 2629 151 2677 nach
168 2628 213 2677 der
231 2625 299 2676 Tbat
319 2625 421 2691 lolgten.

155 2699 195 2746 Es
214 2701 379 2747 consentaneis
398 2703 448 2746 eet.
485 2696 557 2747 lliese
583 2697 637 2747 drei
663 2701 708 2747 loci
730 2696 811 2748 finden
834 2697 888 2746 sich
912 2698 936 2746 in
956 2698 1010 2748 dem
1029 2697 1161 2761 folgenden

93 2763 194 2829 Bcispiel
215 2765 351 2828 vereinigt.
811 2803 813 2808 .

156 2837 224 2884 olim:
249 2833 289 2882 bei
308 2834 352 2882 der
368 2833 483 2896 dalluge
502 2834 543 2884 des
565 2833 647 2882 Carbo
665 2834 744 2884 durch
761 2833 874 2896 Crassus,
895 2850 917 2886 s.
934 2849 955 2885 z.
976 2835 1017 2893 25,
1040 2836 1095 2886 106.

153 2905 222 2964 Non,
241 2905 272 2953 st.
310 2901 385 2952 Wird
401 2918 446 2952 aus
471 2902 550 2951 einem
570 2902 783 2967 Bediugungssata
807 2901 861 2952 eine
882 2905 1000 2966 negative
1018 2899 1162 2966 Folgerung

92 2982 205 3032 gezogeu,
223 2985 253 3020 so
273 2971 342 3019 steht
358 2969 445 3020 immet·
464 2988 512 3021 non
533 2987 625 3034 vorau3
654 2977 708 3022 s'ats':
738 2971 777 3021 die
795 2969 906 3021 Richter.
943 2970 994 3019 Zur
1011 2969 1091 3020 Socho
1110 2968 1162 3033 'ng

94 3037 120 3084 de
138 3037 186 3101 leg.
206 3037 250 3089 lll.
274 3040 312 3101 lb,
333 3040 378 3090 35:
408 3042 522 3090 Carbonis
548 3050 582 3090 sat
606 3045 676 3090 tertia
703 3040 758 3103 (les)
783 3043 812 3090 ds
837 3041 946 3090 sistendas
969 3043 1061 3103 lepidas
1078 3056 1105 3089 ae
1122 3057 1162 3090 nc-

93 3109 175 3166 tandis,
194 3111 304 3157 seditiosi
321 3117 392 3172 atque
409 3111 512 3170 improbi
531 3114 596 3171 cives,
614 3114 654 3158 cni
670 3127 700 3159 ns
719 3112 810 3159 reditus
827 3112 922 3171 quidm
935 3112 968 3158 ad
980 3111 1051 3159 bonos
1064 3112 1162 3158 salntem

94 3192 107 3222 a
124 3176 187 3225 bonr's
200 3179 284 3238 potuit
301 3179 405 3240 atiserss.

156 3248 219 3294 nesta
242 3244 294 3306 (der
314 3242 480 3307 Ermorduag)
499 3248 583 3294 sonus.
616 3244 673 3307 Vgl.
692 3245 723 3294 ad
741 3241 798 3295 iarn.
819 3247 841 3295 9.
861 3245 902 3306 21,
922 3249 950 3296 3:
973 3248 1048 3296 Gaias
1065 3239 1161 3305 (Carbo)

93 3323 209 3363 accusante
223 3316 254 3362 L.
269 3315 354 3363 cram
368 3315 521 3362 cantharidas
536 3317 664 3374 sumpsisse
675 3317 775 3364 dicitnr:
797 3317 818 3362 is
835 3325 855 3363 ιι
869 3315 980 3364 tribunus
991 3317 1025 3373 pl.
1039 3317 1163 3362 seditiosus

95 3386 113 3426 ιι
128 3382 155 3429 P.
166 3383 291 3443 Africano
308 3385 357 3431 as’m
375 3386 482 3432 attulisse
501 3381 559 3440 (tto
579 3398 603 3433 v,
621 3382 689 3445 Chr.)
715 3386 863 3432 existimatus
879 3393 919 3432 est.
956 3381 1003 3432 lllit
1023 3383 1077 3430 dem
1096 3379 1161 3428 dus-

95 3445 166 3496 drueli
184 3449 238 3512 vgl.
252 3450 319 3498 Brut.
338 3451 359 3510 1,
375 3451 404 3501 2:
423 3454 512 3500 socs'nm
524 3455 607 3511 potins
621 3461 642 3501 ιι
659 3461 789 3501 consortem
804 3455 906 3514 plorimi
920 3454 1009 3502 laboris
1026 3451 1160 3498 danismam.

157 3534 206 3566 eam
226 3523 311 3582 tepent:
339 3517 383 3567 das
403 3518 569 3568 bewusste
587 3517 691 3584 Gosetz,
711 3520 781 3570 ucml.
801 3529 828 3570 nt
846 3523 944 3570 eundem
961 3520 1084 3568 tribunum
1096 3518 1164 3576 nult

95 3590 195 3642 quotiens
213 3591 280 3636 vellet
299 3603 379 3637 creans
401 3591 487 3637 ιιιινιι.
518 3586 567 3636 Dus
586 3585 678 3637 Gesetz
697 3589 782 3637 wurde
805 3604 853 3636 ton
872 3587 898 3638 l‘.
916 3587 1046 3636 hlricunus
1066 3583 1161 3632 blater-

96 3649 194 3713 trieben,
212 3655 265 3718 vgl.
284 3653 355 3704 Lael.
375 3658 416 3718 26,
435 3659 481 3720 t;h;
501 3658 527 3705 t'n
545 3660 683 3706 tribunatu:
705 3658 748 3707 l3l
774 3672 798 3704 ι’.
817 3657 875 3704 Chr.

161 3724 215 3774 ttl.
249 3728 392 3774 instemus:
425 3724 534 3773 lledacht
559 3727 661 3774 nahmen
687 3722 733 3773 aul
747 3750 789 3786 -‚
815 3738 938 3790 synonym
964 3721 1008 3770 mit
1032 3724 1162 3783 consulere,

97 3786 140 3837 nie
164 3791 228 3840 auch
254 3791 294 3841 die
314 3789 456 3857 Composita
476 3796 591 3842 insanire
609 3793 657 3842 und
676 3797 807 3854 deservire,
837 3792 915 3840 durch
933 3788 1029 3839 welche
1051 3805 1098 3838 nur
1117 3790 1163 3838 der

97 3853 186 3918 tegrin
201 3859 247 3908 der
266 3859 437 3910 bellimenheit
456 3861 517 3910 noch
536 3861 674 3924 gesteigert
694 3861 766 3910 wird.

161 3929 218 3978 tte.
247 3946 276 3978 ex
298 3931 393 3979 maiore.
430 3929 492 3978 Dass
516 3929 560 3978 das
583 3928 697 3992 folgende
719 3926 824 3992 Beispiel
852 3927 972 3976 tielmebr
997 3925 1068 3977 einen
1087 3926 1163 3989 helea

95 3986 134 4039 hir
149 3994 194 4044 den
210 3995 314 4045 Schluss
331 4015 346 4046 a
363 4002 454 4048 minore
472 3997 579 4062 euthilt,
597 3998 631 4047 ist
648 3998 726 4048 leieht
745 3995 898 4046 ersiehtlicb.
