2750 4526
232 323 274 389 96
433 320 475 372 DE
494 321 657 386 ORATORE,
677 324 719 374 lib.
735 321 765 374 ll.
784 337 836 388 cap.
850 326 890 376 44.
911 325 951 375 45.
973 321 1148 387 §tat-188.

234 495 322 555 quam
349 477 531 556 sagacissime
554 479 675 555 possim,
698 479 767 556 quid
788 478 922 549 sentiant,
945 478 1015 554 quid
1038 479 1213 550 existiment,
1233 477 1299 556 quid

234 570 416 640 exspectent,
446 561 516 640 quid
549 563 651 634 velint,
679 581 737 639 quo
768 562 872 622 deduci
907 563 1039 622 oratione
1060 561 1193 623 facillime
1214 581 1296 642 posse

162 647 395 712 lstvideantur.
444 647 474 706 Si
504 666 535 706 se
559 647 627 707 dam
651 657 687 718 et,
721 655 752 707 ut
773 657 839 708 ante
861 647 929 718 dixi,
951 665 1003 708 sua
1026 657 1142 725 sponte,
1166 665 1224 726 quo
1245 649 1296 706 ini-

233 733 380 810 pellimus,
399 731 540 791 inclinant
561 741 646 809 atque
669 732 863 810 propendent,
886 731 996 810 accipio
1021 733 1101 808 quod
1119 733 1204 793 datur
1220 741 1246 792 et
1266 733 1296 791 ad

233 817 278 889 id,
309 816 387 876 unde
415 816 519 894 aliquis
550 818 634 876 llatus
657 817 836 891 ostenditur,
867 817 928 876 vela
957 817 1004 876 do.
1049 817 1100 876 Sin
1123 827 1166 878 est
1193 808 1297 895 integer

234 902 409 979 quietusque
422 901 520 972 iudex,
534 902 602 978 plus
618 910 661 960 est
678 903 784 979 operis.
808 903 883 962 Sunt
898 902 977 960 enim
995 901 1095 962 omnia
1109 902 1235 962 diceudo
1251 921 1295 962 ex-

234 986 364 1057 citanda,
394 984 465 1045 nihil
495 985 648 1046 adiuvante
678 995 789 1046 natura.
842 986 899 1046 Sed
928 995 1037 1046 tantam
1060 987 1121 1046 vim
1144 987 1230 1048 habet
1250 987 1297 1058 illu,

234 1090 308 1148 quae
331 1078 409 1130 recte
435 1069 554 1129 abono
584 1076 668 1148 potita
693 1070 767 1130 dicta
789 1079 832 1131 est
854 1071 1067 1131 flexanima
1087 1080 1204 1149 atque
1228 1091 1296 1131 ont·

233 1158 339 1216 nium
361 1155 495 1234 regina
518 1173 646 1214 rerum
672 1157 772 1228 oratio,
798 1167 830 1216 ut
853 1174 912 1215 non
936 1157 1025 1215 modo
1046 1157 1235 1218 inclinantem
1250 1176 1294 1216 ci-

234 1243 331 1318 cipere
353 1248 403 1298 aut
424 1248 546 1299 stantem
567 1241 715 1312 inclinare,
739 1239 789 1300 sed
809 1241 895 1300 etiam
915 1241 1118 1302 adversantem
1140 1261 1174 1301 ac
1196 1261 1294 1320 repug-

96 1331 353 1392 45.188.nantcm
381 1331 415 1384 ut
441 1324 600 1402 imperator
628 1326 712 1384 l'ortis
743 1343 776 1384 ac
804 1326 902 1385 bonus
933 1344 1036 1404 capere
1072 1328 1175 1404 possit.
1228 1327 1295 1386 Haec

234 1417 304 1471 suut
322 1409 377 1481 illa,
400 1427 475 1486 quae
494 1427 541 1469 me
563 1410 668 1469 ludens
691 1410 814 1470 Crassus
838 1409 927 1470 ruodo
951 1410 1102 1488 flagitabat,
1126 1430 1193 1472 cum
1219 1432 1235 1472 a
1256 1430 1294 1471 me

235 1493 375 1554 divinitus
404 1495 519 1553 tractari
547 1495 641 1554 solere
669 1494 778 1558 diceret
800 1505 828 1554 ot
849 1496 879 1554 in
903 1513 988 1556 causa
1006 1497 1043 1555 Μ’
1067 1496 1176 1574 Aquilii
1196 1497 1295 1574 Gaique

233 1578 364 1640 Norbani
386 1579 596 1656 nonnullisque
619 1578 681 1639 aliis
705 1580 787 1657 quasi
810 1581 957 1657 praeclare
980 1589 1042 1641 acta
1060 1581 1208 1655 laudaret;
1231 1600 1295 1660 quae

235 1664 401 1723 mehercule
422 1682 485 1742 ego,
508 1665 618 1736 Crasse,
641 1682 708 1725 curn
731 1683 747 1724 a
769 1675 796 1724 te
819 1673 979 1732 tractantur
1000 1666 1030 1724 in
1054 1666 1159 1738 causis
1182 1667 1294 1726 horrere

234 1749 323 1808 solco.
368 1749 459 1809 Tanta
492 1750 535 1808 vis
557 1749 664 1824 animi,
687 1757 785 1809 tantus
808 1750 950 1828 impetus,
976 1759 1073 1810 tantus
1096 1751 1183 1811 dolor
1205 1744 1296 1822 oculis,

234 1834 330 1910 voltu,
354 1843 453 1911 gestu,
483 1835 572 1913 digito
596 1835 722 1910 denique
741 1835 796 1894 isto
822 1845 871 1894 tuo
895 1835 1050 1913 significari
1072 1837 1162 1909 solet3
1192 1845 1294 1897 tantun

302 1989 387 2037 odoror
405 1984 453 2034 und
470 1989 635 2049 rapacissima:
654 2001 701 2034 von
721 1987 766 2035 den
784 1985 946 2050 Spiirhunden
967 1987 1120 2049 gebrauchte
1132 1986 1281 2038 Ausdriickc.

305 2057 360 2106 187.
399 2071 423 2103 ss
441 2059 515 2106 dant:
532 2054 585 2102 sich
601 2052 674 2118 iligen
696 2054 756 2104 oder
775 2054 906 2120 hingebcn,
926 2055 948 2104 d.
967 2056 991 2108 h.
1010 2052 1177 2122 cmpfinglich
1196 2057 1256 2106 sind.

302 2127 422 2173 inclinant
450 2131 522 2186 atqua
549 2126 713 2188 propendent,
745 2123 797 2186 vgl.
825 2124 870 2184 29,
902 2125 962 2176 129:
996 2127 1152 2174 inclinatione
1177 2128 1296 2176 voluntatis

229 2195 384 2255 propendeat.
768 2210 770 2214 ·

302 2263 336 2309 ad
348 2263 476 2310 id-oela
490 2263 536 2308 do:
556 2258 597 2306 ich
615 2259 695 2308 richtc
715 2259 794 2309 meino
814 2258 888 2323 Segel
910 2259 999 2322 dahin,
1024 2260 1098 2309 stelle
1124 2261 1161 2310 sie
1179 2263 1243 2311 nach
1260 2261 1297 2309 der

233 2327 359 2390 llichiung
377 2327 435 2390 hin,
462 2327 550 2376 woher
569 2343 592 2376 u.
610 2343 630 2375 s.
651 2343 683 2377 w,
707 2328 740 2387 (d.
759 2329 783 2377 h.
809 2328 850 2376 ich
870 2329 945 2377 suche
968 2327 993 2377 in
1015 2329 1054 2378 die
1072 2331 1295 2392 wahrgenommcnc

235 2394 423 2458 Lultstrdmung
444 2411 473 2443 zu
494 2395 615 2458 gelangon
635 2396 694 2444 odor
711 2396 791 2446 richtc
811 2395 852 2445 dio
868 2395 943 2460 Sogcl
968 2397 1031 2445 nach
1049 2397 1104 2446 dom
1122 2397 1230 2461 Winde;
1253 2396 1296 2460 vgl.

232 2479 271 2514 or.
288 2466 329 2528 23,
349 2467 395 2515 75:
415 2479 479 2513 nano
495 2466 590 2526 qnidam
603 2467 650 2514 iam
661 2481 808 2528 quonamque
818 2467 932 2528 fanornm*
945 2469 1025 2514 danda
1044 2470 1163 2517 nimirum
1176 2473 1227 2519 oeta
1244 2476 1297 2517 sunt.

305 2537 411 2596 intapars
426 2531 628 2594 nuentschiedcn,
648 2533 757 2582 neutrsl.

300 2606 378 2662 parra,
405 2599 478 2651 noml.
501 2599 626 2650 Pacuvius
649 2600 731 2665 (Nolle
752 2602 795 2652 das
813 2599 919 2666 llnnius,
939 2602 994 2664 gob.
1012 2617 1044 2652 zu
1061 2602 1225 2654 Brundusium
1246 2604 1296 2660 nrt,

235 2676 300 2731 gest.
319 2685 349 2717 zu
368 2667 463 2718 Terent
482 2671 539 2730 130)
559 2669 585 2717 in
602 2669 686 2719 seiner
703 2668 841 2720 Hermione.
878 2670 928 2719 Der
943 2670 1008 2721 Vens
1025 2669 1120 2721 lautcte
1138 2671 1296 2733 vollstiiudig:

403 2739 419 2787 6
431 2741 567 2802 flexanima
579 2748 651 2802 atqne
671 2740 778 2788 omnium
796 2739 878 2804 rapina
897 2755 979 2790 rernm
998 2742 1086 2800 arsitio,

233 2805 301 2856 nach
320 2804 403 2872 Eurip.
421 2807 520 2856 Hecuba
540 2809 602 2860 816:

436 2870 529 2928 πειθὼ
547 2873 578 2926 δὲ
598 2874 648 2938 τὴν
667 2869 806 2938 τύραννον
826 2869 989 2947 ἀνθρώποις
1005 2868 1106 2945 μόνην.

304 2948 424 3004 empore:
447 2943 493 2992 ruit
516 2943 600 2992 seiuen
622 2943 714 2992 Armen
741 2942 888 3007 tullengen,
907 2959 947 2994 um
965 2945 1031 2994 daun
1045 2945 1091 2995 mit
1107 2945 1159 2994 ihm
1178 2945 1241 2995 nach
1258 2943 1297 2992 ltc-

236 3010 318 3060 liobon
347 3027 377 3060 zu
404 3010 549 3062 verfahren.
584 3012 609 3060 S.
631 3027 652 3060 z.
672 3013 712 3073 35,
744 3014 792 3065 148
816 3014 867 3062 und
894 3012 945 3076 vgl.
972 3029 996 3078 p.
1023 3012 1086 3066 nab.
1110 3012 1179 3063 Post
1201 3015 1238 3073 16,
1257 3012 1296 3064 tt:

234 3083 335 3142 arautem
358 3083 538 3131 Romanum-
551 3097 600 3130 non
623 3083 736 3140 turpibus
755 3085 868 3142 impensis
885 3090 956 3145 atam
972 3085 1086 3148 iacturis,
1104 3085 1148 3132 sad
1163 3083 1297 3144 experientia

231 3151 378 3208 patrimonii
393 3152 559 3212 amplificandi
577 3152 689 3200 labentem
706 3153 801 3212 παρὰ.

305 3220 469 3268 adversantem
480 3234 507 3266 aa
520 3227 699 3280 rapupnantem,
713 3217 753 3266 ein
765 3215 794 3270 ἓν
810 3217 858 3270 dani
873 3218 966 3270 duola:
981 3219 1027 3268 den
1041 3219 1195 3283 hartniickig
1204 3217 1298 3272 Widcr·

234 3284 385 3334 strobenden
400 3285 461 3335 oder
478 3282 591 3348 heftigen
609 3284 775 3335 Widarstsnd
793 3285 950 3337 Loistcndsn.

305 3358 444 3414 imperator.
482 3352 540 3416 vgt.
558 3353 598 3402 die
618 3369 649 3402 zu
665 3355 707 3418 42,
727 3356 776 3406 179
794 3355 880 3404 citirte
897 3354 985 3408 Stella.

304 3418 357 3478 45.
381 3423 438 3475 188.
475 3423 617 3484 moratu
638 3425 696 3473 ιιι.

304 3494 448 3554 quaomnia,
467 3490 627 3543 adversativ:
652 3490 776 3540 chordas
795 3490 924 3555 istgrado
949 3493 1008 3552 dns,
1038 3507 1092 3542 was
1111 3508 1136 3542 u.
1155 3509 1175 3541 s.
1196 3507 1235 3551 w,
1256 3487 1297 3535 wit

235 3559 299 3608 oben
318 3561 358 3624 37,
380 3562 429 3611 154
445 3559 495 3609 und
514 3559 539 3608 in
557 3559 631 3608 Verr.
650 3557 693 3610 lV.
714 3563 739 3621 4,
760 3563 788 3611 l:
815 3569 847 3610 tot
864 3565 953 3627 cupidi,
971 3571 1005 3612 tot
1025 3563 1136 3626 improbi,
1154 3570 1189 3618 tot
1202 3563 1297 3610 andorn.

235 3642 339 3690 quornm
359 3645 427 3678 nemo
449 3631 497 3678 sibi
514 3638 563 3679 tam
582 3631 819 3679 nodamina—aisne
842 3640 876 3681 ast
892 3633 937 3694 qni
953 3647 982 3681 aa
999 3634 1040 3682 ilia
1057 3631 1168 3680 sacrario
1183 3633 1297 3693 qtrs'aqttam

232 3711 327 3756 poscere
346 3707 389 3747 ant
405 3701 486 3747 tollore
504 3707 545 3747 ant
563 3704 679 3762 attinpara
695 3699 801 3748 undarat.

304 3767 392 3829 dtpito,
421 3765 444 3814 d.
462 3765 479 3816 i.
499 3765 554 3814 (lem
569 3764 734 3830 Zeigeiiugcr.
771 3764 830 3828 Vgl.
851 3763 938 3829 ¹Quint.
957 3763 1002 3816 Xl.
1021 3766 1045 3828 3,
1065 3767 1112 3818 94:
1140 3767 1177 3816 At
1194 3771 1298 3816 aiamim

236 3837 351 3884 contracti
368 3837 454 3894 polliae
473 3843 634 3897 premuntur,
661 3843 713 3885 tum
733 3837 824 3898 diuum
848 3837 900 3896 ilia,
930 3851 976 3898 qno
999 3851 1070 3885 natam
1094 3837 1181 3895 optime
1201 3837 1299 3883 &aarum

16 3912 56 3998 f
235 3904 315 3950 Cicero
340 3905 413 3966 dicit,
435 3907 552 3964 applicari
572 3906 636 3953 solat.
674 3905 700 3952 Is
723 3906 750 3952 in
774 3905 939 3964 exprobrando
961 3906 1144 3962 mendicando,
1172 3905 1236 3954 nuda
1251 3909 1269 3951 et
1283 3896 1301 3945 tt'

32 3973 36 3994 ‘
237 3985 321 4019 nomen
339 3980 380 4032 ast,
400 3975 469 4022 natet.
