2750 4526
235 307 276 371 64
403 304 446 355 bu
466 303 628 369 ORATORE,
647 305 690 355 lib.
711 304 741 357 11.
761 321 814 372 cap.
833 308 873 358 25.
895 308 934 360 26.
954 307 969 370 ἓ
990 309 1133 360 lot-110.

234 465 289 525 tuit
313 459 345 523 in
365 461 496 523 Norbani
525 478 611 521 causa
640 476 755 520 somma
784 461 943 522 contentio.
986 460 1129 540 Pleraque
1158 461 1238 522 enim
1262 461 1293 522 de

233 548 285 625 iis,
308 566 383 626 quac
405 545 441 607 ab
463 545 519 620 isto
542 544 760 620 obiciebantur,
791 562 860 606 cum
882 545 1054 619 confiterer,
1075 555 1176 608 tamem
1197 545 1232 608 ab
1250 547 1291 608 illo

233 633 411 695 maiestatem
440 631 583 692 minutam
613 627 769 709 negabam,
802 649 839 690 ex
868 649 928 710 quo
958 630 1049 691 verbo
1075 631 1140 711 lege
1161 631 1292 712 Appuleia

163 729 219 782 108.
232 727 292 780 tota
312 719 358 780 illa
383 735 470 778 causa
491 713 644 795 pendebat.
687 711 783 793 Atque
802 714 834 774 in
853 714 911 776 boc
932 734 1039 794 genere
1061 735 1218 777 causarum
1239 733 1292 778 non

232 803 305 864 nulli
326 802 518 882 praecipiunt,
538 808 571 861 ut
591 799 716 861 verbum
736 799 817 876 illud,
840 801 920 878 quod
943 819 1061 863 causam
1075 803 1154 878 facit,
1174 801 1292 864 breviter

231 898 356 966 uterque
384 887 509 949 definiat
553 885 640 960 Quod
669 883 740 946 mibi
769 885 888 963 quidem
909 904 1052 965 perquam
1074 887 1189 966 puerile
1210 887 1292 948 rideri

232 974 313 1036 solet
357 973 418 1034 Aba
448 979 493 1033 est
514 971 609 1047 enim,
641 986 709 1030 eum
731 969 807 1030 inter
830 971 932 1032 doctos
954 972 1090 1033 homines
1115 973 1151 1033 de
1173 973 1209 1034 iis
1231 973 1292 1052 ipsis

232 1059 331 1132 rebus,
354 1076 429 1137 quae
444 1064 599 1117 versantur
614 1055 645 1115 in
661 1053 781 1128 artibus,
796 1055 968 1136 disputatur,
983 1056 1144 1119 verborum
1162 1058 1291 1129 delinitio,

232 1156 265 1205 ut
284 1161 355 1204 eum
376 1143 542 1220 quaeritur,
565 1140 635 1219 quid
657 1139 694 1200 sit
715 1157 777 1214 ars,
801 1141 871 1219 quid
892 1143 929 1202 sit
947 1142 1010 1215 lex,
1043 1143 1113 1220 quid
1134 1143 1171 1204 sit
1193 1144 1292 1204 civitas.

232 1230 267 1289 ln
297 1227 405 1308 quibus
425 1227 483 1286 boc
503 1225 643 1304 praecipit
663 1225 736 1285 ratio
759 1236 846 1304 atque
868 1226 1016 1300 doctrina,
1043 1235 1076 1288 ut
1098 1227 1141 1288 vis
1165 1229 1229 1289 eius
1249 1229 1291 1300 rei,

232 1332 322 1393 quam
345 1313 474 1384 definias,
496 1311 538 1372 sic
560 1311 750 1390 exprimatur,
770 1320 803 1370 ut
824 1329 921 1390 neque
942 1310 1016 1373 absit
1030 1313 1191 1392 quicquam
1206 1332 1290 1392 neque

162 1407 219 1460 109.
233 1399 370 1477 supersit.
413 1397 500 1470 Quod
531 1395 649 1475 quidem
678 1395 709 1455 in
736 1395 784 1457 illa
813 1415 898 1458 causa
929 1415 1026 1476 neque
1056 1398 1205 1476 Sulpicius
1234 1399 1290 1460 fecit

234 1501 331 1561 neque
353 1501 406 1561 ego
422 1485 518 1542 facere
534 1489 656 1542 conatus
670 1499 745 1541 sum.
779 1481 853 1542 Nam
868 1492 1010 1560 quantum
1026 1493 1150 1562 uterque
1165 1493 1290 1545 nostrum

232 1569 343 1649 potuit,
373 1569 454 1629 omni
483 1567 567 1646 copia
595 1566 712 1626 dicendi
740 1565 880 1648 dilatavit,
914 1568 984 1646 quid
1013 1577 1090 1629 esset
1120 1570 1288 1630 maiestatem

233 1653 375 1714 minuere.
418 1653 533 1713 Etenim
555 1651 684 1712 delinitio
704 1650 836 1729 primurn
857 1653 1037 1730 reprehenso
1059 1653 1151 1714 verbo
1175 1673 1236 1716 uno
1250 1661 1289 1715 aut

231 1739 328 1800 addito
350 1746 401 1799 aut
420 1738 537 1816 dempto
561 1755 646 1816 saepe
663 1744 855 1815 extorquetur
871 1756 887 1797 e
903 1737 1052 1812 manibus3
1071 1737 1179 1799 deinde
1194 1757 1290 1819 genere

199 1883 201 1891 ,
230 1825 302 1903 ipso¹
319 1824 480 1884 doctrinam
503 1821 615 1883 redolet
637 1821 932 1900 exercitationemque
946 1841 1039 1901 paene
1053 1823 1215 1903 puerilem3
1237 1835 1288 1886 tun

233 1919 260 1972 et
285 1910 316 1968 in
341 1927 462 1968 sensum
484 1917 512 1969 et
532 1908 562 1967 in
586 1915 713 1966 mentem
736 1906 840 1968 iudicis
862 1907 970 1968 intrare
993 1926 1055 1969 non
1077 1918 1183 1989 potest.
1226 1911 1289 1970 Ante

232 1994 311 2056 enim
333 1993 563 2073 praeterlabitur,
584 2009 672 2070 quam
695 2002 830 2070 percepta
854 1999 905 2053 est.

101 2083 218 2146 26110.
316 2079 373 2140 Sed
395 2079 426 2139 in
448 2097 483 2138 eo
507 2097 629 2157 genere,
658 2077 689 2137 in
711 2095 771 2156 quo
794 2077 878 2155 quale
900 2078 937 2139 sit
958 2078 1029 2156 quid
1052 2077 1226 2158 ambigitur,
1246 2098 1288 2140 er·

231 2166 307 2226 sistit
329 2165 414 2226 etiam
437 2183 473 2224 ex
496 2163 596 2242 scripti
617 2162 856 2241 interpretatione
878 2181 964 2242 saepe
987 2165 1153 2236 contentio,
1185 2165 1218 2226 in
1239 2181 1288 2242 quo

231 2251 310 2311 nulla
338 2256 435 2328 potest
464 2267 527 2310 esse
554 2248 612 2308 nisi
642 2266 677 2308 er
707 2247 843 2326 ambiguo
874 2249 1080 2310 controversia.
1125 2250 1199 2311 Nam
1228 2247 1288 2310 illud

229 2337 344 2415 ipsum,
374 2333 454 2413 quod
476 2333 618 2412 scriptum
641 2352 657 2393 a
680 2334 823 2409 sententia
846 2333 1005 2412 discrepat,
1033 2352 1127 2414 genus
1151 2331 1288 2414 quoddam

302 2541 358 2590 101.
389 2540 506 2588 Norbani.
543 2535 613 2586 Weil
638 2534 664 2584 C.
681 2534 812 2586 Norbanus
837 2535 871 2585 im
894 2537 917 2588 J.
939 2538 971 2588 95
998 2536 1036 2586 als
1056 2535 1222 2587 Volkstribun
1248 2538 1286 2586 deo

232 2606 262 2671 Q.
279 2605 402 2656 Servilius
422 2605 499 2671 Ciipio
526 2619 614 2668 wegen
641 2603 722 2654 seinos
742 2606 791 2657 106
810 2619 849 2654 am
867 2603 969 2670 Tempel
987 2605 1029 2655 des
1049 2604 1140 2671 Apollo
1158 2623 1189 2656 zu
1207 2605 1288 2655 Tolosa

229 2674 352 2726 veriibten
376 2672 552 2740 Tempelranbs
584 2674 634 2723 und
667 2672 750 2723 seiner
779 2676 827 2725 105
859 2674 937 2723 durch
965 2673 1005 2724 die
1023 2672 1139 2725 Cimbern
1163 2673 1287 2724 erlittenen

230 2742 380 2807 Niederluge
399 2742 537 2808 angeklagt
550 2743 631 2805 batte,
650 2742 735 2791 wurde
747 2757 775 2791 cr
786 2741 819 2790 im
835 2739 966 2806 folgenden
979 2743 1056 2792 Jahre
1070 2759 1120 2792 von
1132 2741 1160 2792 P.
1175 2742 1286 2809 Sulpicius

230 2812 269 2862 als
293 2811 333 2862 ein
357 2816 481 2864 reddimus
498 2822 519 2862 et
536 2815 632 2862 inutilia
656 2814 715 2862 01010
740 2811 803 2860 nach
822 2811 867 2860 der
883 2811 954 2860 nieht
972 2825 1082 2876 genaner
1101 2812 1240 2862 bekannten
1256 2815 1287 2861 100

229 2884 352 2944 Appuleia
370 2885 398 2932 010
415 2885 534 2932 maiestate
553 2880 618 2941 (vom
633 2879 656 2929 J.
672 2878 732 2942 100)
751 2879 895 2944 angeklagt,
915 2880 976 2930 aber
993 2895 1041 2929 von
1056 2879 1190 2944 Antonius,
1209 2881 1285 2929 descen

232 2948 341 3014 Qulistor
362 2965 389 3000 er
406 2952 439 3002 99
456 2963 571 3013 gewesen
590 2963 652 3011 war,
672 2946 798 3012 gliicklicb
816 2947 978 3012 vertbeidigt.

300 3019 356 3070 100.
389 3021 491 3069 breviter
507 3028 614 3081 uterque,
633 3017 683 3082 vgl.
702 3014 718 3082 5
738 3018 793 3069 109.

299 3096 514 3149 0000010000.
536 3089 574 3152 10,
591 3087 639 3148 42;
669 3088 762 3136 artibus
779 3084 848 3134 bier:
874 3081 1116 3135 wissenschaltlicbe
1136 3085 1285 3152 Disciplioen.

299 3157 360 3216 quid
377 3157 409 3205 eit
427 3172 476 3219 ora,
492 3153 561 3203 niebt
577 3171 637 3217 quae
653 3160 710 3220 001,
728 3152 788 3204 weil
806 3153 869 3202 nacb
888 3153 942 3202 dem
962 3152 1058 3216 Begriff
1073 3151 1174 3218 gelragt
1190 3155 1258 3206 wird.

299 3226 361 3273 ratio
381 3233 403 3273 01
421 3226 537 3287 doctrina,
557 3221 586 3274 ἓν
605 3219 653 3274 διὰ
672 3223 763 3276 doeio:
781 3219 1022 3272 wissenscbaltlicbe
1037 3221 1162 3274 Methode.

269 3352 271 3356 f
299 3296 455 3354 exprimatur,
477 3307 497 3341 s.
515 3307 535 3340 z.
557 3293 596 3355 10,
615 3293 661 3353 393
682 3295 791 3354 000110.
812 3293 851 3352 19,
870 3293 911 3344 83.

301 3363 356 3412 199.
387 3369 429 3411 001
449 3363 528 3410 addito
545 3369 586 3410 aut
604 3363 695 3422 0000010
715 3361 755 3424 (=
773 3362 958 3424 quodebemus
981 3370 1025 3410 aut
1043 3361 1110 3423 decit)
1131 3360 1166 3411 ist
1182 3358 1285 3410 Attribnt

229 3446 259 3479 zu
280 3432 349 3482 corbo
369 3445 419 3479 uno
435 3428 485 3478 und
503 3427 650 3478 bezeichnet
667 3429 714 3478 den
734 3426 820 3478 Grnnd
839 3445 870 3478 zn
889 3431 1038 3491 reprehenso.

297 3507 459 3563 extorquetur,
478 3496 527 3547 wie
545 3496 599 3546 eine
613 3496 709 3560 Waffe;
727 3497 779 3561 vgl.
799 3514 831 3546 zu
848 3498 902 3547 dein
917 3495 1050 3547 Ausdruck
1071 3501 1109 3562 18,
1130 3501 1170 3551 14.

296 3570 465 3634 glomeramen:
483 3565 553 3616 ihrer
569 3563 715 3629 llategorie,
737 3567 760 3616 (1.
780 3567 805 3617 b.
823 3566 903 3616 ibren
921 3565 1016 3616 Wesen
1036 3568 1106 3616 naeb.

298 3646 320 3687 et
335 3641 363 3688 in
380 3653 476 3688 ameum
492 3645 514 3686 et
535 3639 561 3685 in
579 3652 610 3685 m.
640 3635 704 3685 Dass
722 3634 829 3684 anchin
847 3634 983 3698 negativen
1001 3634 1092 3686 Slitzen
1104 3645 1127 3686 et
1139 3633 1283 3687 -etstcben

230 3702 299 3768 dari,
327 3703 452 3756 beweiscn
481 3703 577 3754 Stellen
603 3702 652 3754 wic
676 3705 718 3767 28,
745 3705 806 3756 124:
843 3721 895 3755 eum
923 3721 972 3754 aon
1000 3715 1022 3756 01
1048 3708 1133 3756 vestire
1157 3713 1179 3757 01
1201 3716 1283 3754 emate,

230 3771 367 3838 Uebrigens
387 3775 453 3825 kann
471 3778 564 3826 intrare
583 3788 630 3823 nur
648 3772 672 3822 io
691 3772 871 3836 iibertragener
883 3773 1027 3838 Bedeutung
1044 3771 1091 3822 mit
1106 3777 1134 3825 in
1151 3771 1282 3824 verbunden

229 3843 338 3892 werden.

230 3977 252 4030 G
299 3906 352 3967 26·
387 3914 442 3965 110.
475 3915 605 3964 sententia:
633 3911 678 3961 der
704 3925 752 3959 von
779 3908 848 3960 einer
876 3907 963 3960 Partei
988 3909 1138 3977 bebauptete
1165 3909 1222 3960 Sion
1246 3907 1285 3955 des

254 3984 357 4030 esetzes.
