2756 4520
314 333 358 388 un
378 333 664 402 oruamentum.
683 350 705 386 a.
725 337 765 388 to.
784 333 801 402 a
821 337 863 388 aa.
882 339 924 407 ao,
1131 333 1174 399 43

97 491 221 572 puhlica
236 501 358 572 propter
372 491 538 571 ancipitem,
553 507 629 569 quae
640 507 702 551 non
713 499 884 568 potestesse
895 491 1035 563 seiuncta,
1050 489 1175 552 faciendi

99 577 282 655 dicendique
297 577 467 656 sapientiam
484 576 633 649 florerent,
657 583 689 636 ut
702 575 924 649 Themistocles,
946 585 978 638 ut
992 575 1130 657 Pericles,
1143 584 1176 636 ut

98 663 312 736 Theramenes,
333 671 383 722 aut
403 662 455 741 qui
478 661 577 722 minus
591 660 648 741 ipsi
668 660 699 722 in
715 677 748 721 re
769 660 885 739 publica
908 669 1104 733 versarentur,
1123 661 1175 722 sod

99 747 194 809 huius
203 757 302 809 tamen
316 746 448 808 eiusdem
456 744 758 824 sapientiaedoctores
770 755 875 820 essent,
892 755 924 808 ut
933 747 1063 825 Gorgias,
1079 746 1175 807 Thra-

102 833 277 912 symachus,
298 833 450 905 lsocrates,
471 832 584 893 inventi
598 839 676 904 sunt,
700 832 760 910 qui,
783 850 851 894 cum
865 833 923 911 ipsi
937 831 1069 894 doctrina
1085 840 1115 892 et
1126 829 1175 892 in-

99 919 190 998 genio
206 917 410 994 abundarent,
432 935 496 979 are
512 925 608 978 autem
625 916 702 978 civili
716 924 745 977 et
760 935 776 976 a
791 918 914 996 negotiis
936 918 1026 979 animi
1046 916 1175 995 quodam

100 1002 215 1065 iudicio
230 1002 434 1078 abhorrerent,
457 1003 533 1064 hanc
555 1001 671 1063 dicendi
687 1002 924 1063 exercitationem
938 1003 1117 1082 exagitarent
1130 1009 1173 1062 at-

101 1107 163 1168 que
181 1096 415 1150 contemnerent.
431 1088 567 1161 Quorum
576 1087 713 1167 princeps
720 1088 854 1150 Socrates
866 1088 928 1162 latit,
944 1088 968 1149 is
982 1089 1032 1167 qui
1041 1087 1174 1148 omnium
1189 1088 1230 1138 6⁰·

101 1173 290 1235 eruditorum
310 1173 479 1235 testimonio
494 1173 644 1250 totiusque
658 1172 767 1234 iudicio
784 1173 920 1235 Graeciae
937 1191 1005 1234 cum
1021 1171 1177 1253 prudentia

102 1268 133 1320 et
148 1258 287 1320 acumine
304 1269 333 1320 et
347 1267 498 1321 venustate
514 1267 543 1320 et
558 1257 712 1320 subtilitate
721 1266 782 1319 tum
797 1277 868 1320 vero
886 1258 1059 1339 eloquentia,
1080 1258 1177 1320 varie·
1282 1287 1284 1292 ·

99 1354 169 1417 tate,
192 1343 286 1423 copia,
311 1361 401 1423 quam
424 1362 457 1404 se
485 1361 613 1422 cumque
626 1344 658 1405 in
680 1351 793 1423 partem
808 1344 944 1418 dedisset
967 1345 1101 1404 omnium
1122 1345 1179 1405 luit

102 1429 190 1491 facile
205 1429 345 1508 princeps
359 1429 462 1509 iisque,
485 1429 536 1507 qui
552 1429 632 1503 haec,
654 1447 730 1507 quae
745 1445 826 1490 nunc
842 1447 897 1490 nos
914 1430 1095 1509 quaerimus,
1116 1437 1176 1490 tra-

104 1522 229 1587 ctarent,
247 1523 375 1593 agerent,
390 1515 539 1590 docerent,
562 1531 629 1575 cum
646 1514 767 1575 nomine
782 1515 997 1593 appellarentur
1011 1534 1082 1586 uno,
1097 1514 1189 1593 quod·

104 1599 204 1661 omnis
221 1617 322 1661 rerum
338 1599 516 1679 optimarum
531 1600 658 1678 cognitio
673 1607 760 1678 atque
775 1599 807 1660 in
817 1600 852 1661 iis
868 1599 1033 1662 exercitatio
1049 1599 1177 1681 philo-

103 1685 249 1764 sophia
265 1687 479 1757 nominaretur,
495 1683 552 1746 hoc
560 1701 720 1746 commune
734 1703 844 1746 nomen
852 1685 959 1765 eripuit
972 1687 1178 1764 sapienterque

103 1769 253 1832 sentiendi
262 1778 291 1831 et
306 1779 408 1831 ornate
415 1769 531 1831 dicendi
540 1769 701 1847 scientiam,
717 1789 749 1831 re
765 1770 956 1842 cohaerentis,
972 1770 1178 1850 disputationi·

101 1943 206 2006 quedam
223 1941 291 2004 ἅμα
307 1941 392 2000 mults',
416 1941 474 2003 qui,
496 1955 552 1989 eum
574 1942 620 1989 alr'a'
642 1941 668 1988 a'n
690 1956 718 1989 re
738 1941 807 2000 publ.
831 1965 865 1976 -·
882 1942 1015 2003 flmermt,
1039 1967 1074 1976 -
1096 1943 1179 1991 minue

102 2015 156 2072 ipat
172 2013 200 2058 in
218 2025 246 2058 re
257 2009 323 2070 pudl.
342 2015 504 2068 vorarentur,
519 2011 592 2058 heim
611 2016 690 2057 tamen
711 2036 741 2044 -
761 2018 843 2058 essent.
868 2007 927 2072 Vgl.
947 2011 988 2069 52,
1007 2011 1065 2060 201.

195 2074 460 2138 Theramenes,'aiuer
479 2075 523 2125 der
543 2077 575 2128 30
584 2074 721 2142 Tyrannen
742 2091 772 2125 zu
783 2076 874 2138 Athen,
894 2076 1005 2127 welcher
1020 2077 1178 2141 aherweqen

102 2145 188 2197 seinos
205 2143 347 2195 Freimuths
365 2144 419 2194 dam
438 2143 515 2194 Haase
541 2143 584 2194 des
608 2143 701 2194 Critias
727 2159 782 2194 zum
803 2143 881 2211 Opler
897 2144 947 2206 hol,
973 2161 1022 2195 von
1042 2144 1093 2196 Cic.
1114 2147 1178 2196 auch

103 2219 177 2266 sonst
194 2213 310 2278 gariihmt
324 2213 375 2264 und
392 2227 442 2262 von
459 2211 619 2278 Thucydides
640 2212 705 2277 Vlll,
724 2215 756 2266 68
776 2219 899 2277 genunnts
920 2209 990 2284 ἀνὴρ
1005 2207 1069 2268 οὔτε
1087 2217 1178 2267 εἰπεῖν

104 2276 171 2336 οὔτε
190 2283 297 2350 γνῶναι
314 2276 462 2340 ἀδύνατος.

196 2349 305 2414 Gorgias
319 2365 364 2401 aus
375 2349 501 2410 Leontini,
521 2351 666 2412 483-3'15‚
686 2350 737 2400 und
746 2348 948 2418 Thrasymachus
968 2366 1013 2402 aus
1024 2349 1178 2413 linlchedon

105 2421 163 2486 geh.
182 2435 224 2469 um
244 2424 304 2483 455,
328 2419 400 2470 heide
419 2435 450 2468 au
467 2418 515 2468 don
532 2417 666 2484 Sophisten
686 2420 830 2484 gerochnot,
853 2420 908 2471 sind
926 2420 973 2470 mit
991 2419 1118 2471 lsolrates
1136 2437 1179 2470 an-

104 2489 339 2608 sarnpptepgastelltkz
362 2487 423 2538 weil
442 2488 507 2537 anch
523 2486 560 2538 sie
578 2487 616 2537 als
633 2484 731 2538 Lchrer
755 2489 800 2539 der
822 2488 971 2555 politischen
993 2489 1179 2541 Boredsamkoit

104 2573 137 2610 zu
213 2572 242 2607 en
262 2572 310 2606 w1r
340 2571 378 2607 en.

193 2628 488 2690 aetmtqwdamtudteto:
503 2639 531 2674 so
540 2639 706 2689 zusagonaus
714 2623 868 2693 Grundsatz;
882 2626 983 2690 vgl.28‚
993 2625 1128 2690 110311.3,
1139 2628 1178 2678 10.

193 2697 235 2747 60.
247 2699 370 2757 peinceps,
387 2709 417 2743 an
431 2693 520 2744 beiden
532 2692 721 2744 Stellan-——der
735 2692 976 2758 llervorragendste,
987 2695 1177 2746 Bedentendstc.

193 2768 215 2813 is
231 2768 277 2828 qui
292 2773 335 2814 eet.
354 2761 461 2812 marlirt
484 2763 531 2813 don
553 2761 673 2812 Sokratus
698 2763 736 2812 als
755 2762 912 2827 denjonigen,
930 2779 982 2814 von
1000 2763 1122 2814 walchem
1138 2763 1177 2814 ein

104 2849 133 2883 so
151 2830 204 2882 tius
220 2832 345 2895 gahardei·
364 2830 471 2882 Einlluss
492 2831 560 2880 wohl
580 2847 611 2881 zu
631 2838 757 2881 orwarten
776 2847 839 2883 war.

194 2911 316 2952 venustate
333 2899 434 2950 hezieht
452 2899 506 2950 sich
523 2897 569 2949 anf
587 2900 631 2949 das
650 2897 761 2950 Urthoil:
781 2899 994 2964 Schduhoitssinn,
1015 2899 1178 2963 Geschmack‚

104 2969 230 3020 wilhrend
247 2973 381 3034 eliquesco
397 2969 483 3019 seincn
501 2967 638 3031 lledetlnss,
659 2974 773 3020 commate
789 2968 830 3020 die
845 2967 1034 3034 Violsaitigleit
1044 2970 1094 3020 und
1112 2974 1180 3033 oepha

105 3040 154 3090 don
172 3036 322 3089 Reichthum
339 3036 424 3088 seinos·
441 3036 576 3089 Godanken
594 3036 747 3088 bezeichnat.

201 3123 273 3171 quem
293 3123 318 3156 ee
334 3123 441 3171 memque.
459 3105 497 3156 Zu
514 3106 561 3156 der
571 3104 667 3156 Tmesis
679 3107 733 3171 vgl.
743 3109 785 3172 23,
795 3108 841 3159 at:
858 3109 1003 3171 quantulum
1020 3111 1049 3158 ld
1064 3123 1180 3172 Μήνη

105 3175 180 3230 Tusc.
208 3176 270 3242 disp.
297 3173 326 3225 ll.
346 3179 371 3237 5,
394 3178 437 3227 15:
461 3192 553 3240 quoae
571 3179 824 3240 memoradum
843 3175 873 3226 de
892 3191 927 3226 or.
946 3174 964 3227 Ι.
985 3179 1027 3242 49,
1046 3179 1111 3229 214:
1136 3193 1181 3237 per

105 3249 168 3296 maht
183 3248 275 3296 mimae
292 3249 371 3295 chum
389 3253 430 3295 eat.

193 3317 291 3364 ea-let
303 3322 398 3374 purtem
416 3315 524 3362 &dhaet
559 3310 618 3376 Vgl.
636 3309 709 3363 Tuae.
730 3311 792 3378 disp.
810 3310 829 3362 Ι.
849 3316 875 3375 4,
895 3315 926 3365 7:
953 3316 980 3363 a'n
998 3329 1071 3378 quom
1092 3317 1180 3362 emei-

104 3387 223 3434 tata'onem
240 3387 276 3432 ita
292 3399 337 3431 noa
353 3385 458 3433 studiose
473 3383 589 3431 dedoctus.
607 3381 657 3431 Der
678 3379 750 3444 Conj.
771 3379 868 3448 quupi.
887 3380 1034 3432 bezeichnet
1053 3380 1093 3430 dte
1105 3379 1180 3430 wia-

104 3451 246 3514 derholung
271 3449 298 3500 in
321 3450 366 3501 der
388 3448 601 3513 Vergengouhait,
624 3447 709 3498 wol’rir
732 3451 796 3499 anch
819 3457 890 3500 const
913 3448 1044 3500 hisweilen
1063 3447 1113 3497 Cic.
1132 3448 1179 3498 dec

105 3521 177 3584 Conj.
199 3519 267 3570 eines
282 3518 449 3569 historischen
458 3516 564 3582 Tempus
579 3517 606 3566 in
617 3517 698 3569 ciuem
707 3517 1055 3569 relativischenllehensatze
1065 3516 1179 3566 hraucht.

104 3589 164 3654 Vgl.
182 3587 203 3641 l.
224 3589 267 3648 tt,
289 3590 350 3650 1123
370 3591 411 3652 54,
432 3589 497 3649 2323
518 3584 548 3636 ll.
573 3589 597 3646 1,
615 3587 640 3639 2.

193 3659 271 3722 itaque
290 3667 332 3710 cet.
351 3653 407 3720 sript
425 3656 470 3705 des
489 3655 567 3705 durch
584 3655 629 3705 das
646 3655 857 3719 Vorhergahende
874 3653 1044 3705 vorhereiteta
1062 3652 1181 3704 Rosnltat

104 3725 294 3778 ahsehliamend
313 3724 396 3776 hinzn.
434 3723 478 3774 Boi
495 3733 592 3790 waere
609 3724 645 3774 ist
663 3739 695 3774 an
716 3724 756 3774 die
772 3723 963 3790 Disputatiouen
981 3723 1026 3774 der
1046 3721 1180 3790 Sophisten

103 3812 135 3846 zu
155 3795 262 3845 denken.

194 3868 221 3912 in
238 3867 271 3914 lia
290 3864 442 3924 camah,
461 3860 548 3910 womit
565 3861 631 3911 auch
648 3860 688 3911 die
706 3860 890 3924 lledeiihunpen
909 3859 1018 3923 gemeint
1035 3859 1099 3913 sind.

192 3934 340 3983 calomenus
357 3929 392 3979 im
410 3928 488 3988 Plur,
510 3928 569 3980 weil
586 3933 711 3981 summam
728 3929 823 3980 voi-har
839 3928 955 3980 zweimal
974 3945 1005 3979 zu
1024 3928 1122 3981 danken
1137 3927 1179 3978 ist.

86 4029 88 4034 ·
192 4001 394 4063 dammandus
410 4002 461 4050 auia
479 4004 611 4059 maele:
631 3997 741 4049 insolam
758 4013 787 4049 er
803 3999 851 4049 den
870 3997 1004 4064 Sophisten
1022 3999 1071 4048 don
1085 3997 1180 4050 Numen

104 4085 156 4121 von
174 4067 291 4121 llednern
311 4067 380 4118 nicht
397 4066 551 4132 angastund3
570 4082 599 4118 er
618 4068 675 4118 that
694 4065 748 4117 dios
766 4068 826 4118 aher
844 4084 892 4118 nur
908 4068 1005 4132 darum,
1023 4068 1084 4120 weil
1098 4082 1126 4118 er
1143 4065 1180 4116 aia
