2750 4526
328 352 371 402 ue
390 349 782 422 ORATORE‚lio.11.cop.tr.
802 355 938 418 sao-m.
1125 355 1168 420 45
1206 311 1228 360 ι’

93 503 295 590 aut'hydram
318 507 455 588 fingeret,
483 505 594 568 etiamsi
617 508 688 569 haec
705 526 870 590 numquam
893 513 1048 590 separatim
1070 514 1167 574 facere

92 596 254 659 didicisset.

182 681 261 741 Tum
291 678 425 740 Catulus:
455 677 606 738 Praeclare
632 679 703 739 mihi
725 679 848 760 videris,
871 682 998 762 Antoni,
1020 682 1165 761 posuisse,
1182 693 1282 756 1271,

90 767 200 847 inquit,
222 775 288 826 aute
308 763 410 824 oculos
425 763 495 841 quid
511 763 624 824 discere
641 775 791 842 oporteret
805 784 882 842 eum,
906 767 956 845 qui
973 775 1072 836 orator
1089 776 1166 828 esset

92 859 234 932 tuturus,
264 850 350 930 quid,
373 849 484 909 etiamsi
507 867 569 909 non
592 848 753 922 didicisset,
778 869 813 912 ex
835 869 879 928 eo,
905 852 985 930 quod
1008 853 1165 932 didicisset,

90 940 272 1001 adsumeret.
323 933 475 1002 Deduxisti
503 933 581 994 enim
610 942 705 995 toturn
731 937 882 997 hominem
911 939 943 997 in
969 938 1028 998 duo
1059 955 1165 1016 genera

89 1025 191 1087 solum
215 1039 379 1088 cansarum,
402 1027 496 1080 cetera
517 1020 742 1082 innumerabilia
761 1023 959 1084 exercitationi
978 1031 1007 1084 et
1027 1024 1164 1085 similitu·

89 1111 155 1171 dini
178 1106 330 1186 reliquisti.
367 1105 424 1166 Sed
445 1105 541 1165 videto
559 1122 596 1164 ne
617 1105 647 1164 in
669 1106 732 1167 istis
754 1106 871 1168 tluohus
893 1108 1048 1188 generibus
1070 1109 1163 1188 hydra

89 1196 144 1258 tihi
167 1194 204 1254 sit
228 1201 257 1253 et
277 1190 377 1270 pellis,
404 1190 544 1252 Hercules
571 1199 669 1250 aretem
698 1202 726 1253 et
755 1193 808 1252 alia
832 1212 921 1272 opera
941 1195 1052 1256 maiora
1074 1213 1111 1254 ne
1130 1195 1164 1254 in

86 1282 145 1342 illis
167 1279 268 1350 rebus,
292 1294 365 1354 quas
387 1275 607 1354 praetermittis,
637 1277 848 1355 relinquantur.
893 1279 958 1339 Non
989 1281 1068 1340 enim
1091 1279 1162 1356 mihi

89 1367 193 1428 minus
222 1363 320 1442 operis
343 1361 459 1421 videtur
486 1360 522 1420 de
546 1361 690 1422 universis
713 1363 869 1441 generibus
892 1382 994 1426 rerum
1016 1365 1162 1444 quamde

86 1451 279 1531 singulorum
309 1446 404 1507 causis
434 1464 467 1508 ac
501 1446 592 1506 multo
622 1447 707 1507 ctiam
735 1449 830 1510 maius
853 1450 889 1510 de
912 1459 1016 1512 notura
1037 1451 1162 1512 deorum

87 1555 182 1618 quam
212 1535 248 1594 de
275 1533 431 1594 hominum
460 1531 558 1592 litibus
581 1532 687 1592 dicere.
730 1534 797 1594 Non
818 1543 862 1595 est
882 1535 929 1610 ita,
952 1536 1048 1614 inquit
1066 1538 1161 1596 Anto—

87 1625 167 1684 nius.
203 1619 302 1681 Dicam
324 1618 403 1678 enim
422 1617 482 1690 tibi,
498 1618 606 1692 Catule,
629 1637 691 1678 non
713 1626 770 1678 tam
787 1619 891 1680 doctus
907 1638 1006 1698 quam,
1028 1622 1058 1682 id
1081 1622 1161 1699 quod
1175 1636 1216 1686 72,

88 1719 136 1770 est
157 1707 269 1776 maius,
292 1710 439 1781 expertus.
483 1703 624 1763 Omnium
647 1713 810 1764 ceterarum
833 1723 933 1765 rerum
953 1707 1063 1782 oratio,
1091 1707 1162 1767 mihi

86 1794 187 1866 crede,
209 1791 299 1850 ludus
321 1797 365 1850 est
386 1789 500 1849 homini
522 1806 583 1849 non
606 1788 702 1849 hebeti
724 1807 822 1868 neque
847 1791 1034 1852 inexercitato
1064 1810 1161 1872 neque

85 1877 298 1942 communium
330 1875 492 1935 litterarum
521 1883 549 1934 et
578 1875 722 1952 politioris
755 1875 942 1937 humanitatis
965 1877 1094 1954 experti3
1129 1880 1159 1940 in

85 1979 246 2030 cansarum
280 1959 517 2020 contentionibus
549 1977 688 2038 magnum
717 1970 761 2020 est
790 1957 939 2040 quoddam
969 1981 1044 2042 opus
1073 1971 1160 2041 atquc

84 2051 166 2112 haud
180 2048 271 2108 sciam
288 2065 326 2108 an
342 2046 378 2104 dc
394 2045 530 2105 humanis
547 2045 686 2124 operibus
701 2045 787 2126 longe
803 2046 978 2120 maximum3
1000 2048 1031 2108 in
1050 2047 1158 2125 quihus

83 2139 130 2198 vis
153 2133 279 2196 oratoris
300 2133 474 2210 plerumque
497 2129 532 2190 ab
555 2131 698 2208 imperitis
714 2133 794 2193 exitu
809 2141 837 2194 et
857 2133 976 2194 victoria
999 2133 1158 2207 iudicatum

83 2222 136 2285 ubi
159 2221 243 2282 adest
258 2227 386 2278 armatus
408 2215 602 2288 adversarius
623 2216 673 2295 qui
696 2217 732 2278 sit
754 2228 782 2278 et
803 2218 952 2285 feriendus
969 2228 997 2280 et
1011 2218 1157 2298 repellen-

83 2311 160 2379 dus3
185 2303 237 2364 uhi
259 2321 346 2380 saepe
367 2303 402 2377 is,
426 2302 477 2380 qui
498 2302 540 2362 rei
561 2302 700 2362 domiuus
722 2306 840 2364 futurus
863 2312 914 2384 est,
937 2303 1048 2365 alienus
1070 2312 1157 2382 atquc

82 2396 178 2454 iratus
208 2398 259 2450 aut
284 2389 370 2448 etiam
395 2387 507 2447 amicus
529 2387 695 2448 adversario
719 2397 747 2448 et
768 2389 905 2449 inimicus
928 2389 980 2450 tihi
999 2379 1060 2463 est3¹
1089 2408 1156 2451 curn

81 2487 135 2540 aut
166 2474 319 2536 docendus
341 2474 366 2533 is
389 2484 431 2534 est
451 2483 501 2532 aut
527 2472 716 2532 dedocendus
739 2485 788 2534 aut
809 2475 1016 2554 reprimendus
1039 2484 1089 2536 aut
1108 2476 1155 2535 in-

82 2563 221 2625 citandus
242 2569 292 2620 aut
314 2559 396 2619 omni
415 2559 528 2620 ratione
550 2558 586 2619 ad
603 2567 729 2636 tempus,
751 2560 787 2620 ad
804 2578 921 2621 causam
941 2561 1074 2623 oratione
1090 2578 1155 2621 mo-

81 2715 256 2782 llcryphoros‚
277 2710 470 2776 ansgczcichnct
491 2711 569 2760 durch
587 2710 627 2760 die
644 2709 863 2776 Ehenmiissigkcit
881 2712 963 2763 soiucr
980 2712 1086 2764 Formen
1113 2712 1155 2779 (τὸ

83 2787 174 2858 ἔμμετ
193 2782 247 2847 ον),
265 2782 315 2831 und
335 2781 379 2830 der
391 2779 565 2841 Diadumenus,
585 2795 634 2829 von
652 2779 721 2828 mehr
741 2781 853 2830 weichcn
871 2779 986 2845 Formen,
1007 2783 1060 2832 her.

154 2801 208 2911 ᾗ,
236 2853 277 2902 tt.
310 2853 397 2914 inquit.
436 2848 495 2912 Vgl.
516 2865 537 2898 z.
553 2853 578 2910 4,
601 2851 644 2901 16:
663 2847 725 2898 Tum
742 2849 793 2900 ille.

151 2923 275 2973 &duculi
289 2924 345 2981 cet,
368 2919 391 2968 d.
410 2919 434 2966 h.
453 2919 485 2968 du
503 2919 561 2967 hast
580 2917 619 2968 die
635 2932 713 2981 ganzo
729 2916 841 2981 Aulgabc
860 2918 903 2968 des
921 2917 1032 2970 Rcdnors
1053 2918 1098 2970 auf
1114 2922 1156 2973 dic

80 2991 274 3052 Beherrschung
292 3003 342 3037 von
359 2985 423 3038 zwei
441 2984 561 3038 Gehictcn
579 2987 738 3036 heschrdnkt.

153 3061 326 3111 similitudini:
343 3057 389 3106 dor
406 3056 569 3119 Auwcnduog
593 3057 637 3105 der
654 3054 791 3118 Analogia,
815 3055 868 3106 dem
892 3055 1070 3120 analogischen
1088 3057 1154 3109 Vor-

79 3128 184 3191 lahrcu3
208 3125 312 3177 'aihnlich
334 3126 404 3176 steht
428 3128 554 3176 discrimen
577 3123 604 3174 in
622 3124 666 3174 der
683 3125 828 3188 Bedeutung
853 3124 893 3176 dic
912 3123 1153 3190 Untcrschcidnngs-

79 3199 158 3261 gahc;
187 3213 211 3264 p.
232 3193 316 3244 Plano.
334 3197 359 3255 4,
378 3196 408 3246 92
432 3210 481 3244 nou
499 3203 533 3244 cet
548 3196 612 3244 enchi
629 3197 753 3244 cmsiliaun
771 3198 798 3243 in
816 3197 897 3260 volco,
923 3212 972 3244 non
992 3201 1069 3259 rutro,
1104 3212 1153 3246 non

77 3271 218 3328 summm,
237 3281 287 3314 non
303 3266 433 3329 emmau.

149 3339 238 3399 viduo,
257 3331 312 3382 cine
330 3330 565 3382 uachdriicklichcre
576 3331 709 3395 Warnung
720 3331 758 3381 als
771 3331 815 3380 das
828 3331 1031 3394 gcwdhnlichcrc
1049 3335 1103 3382 uida
1114 3348 1151 3382 uc.

79 3404 140 3468 Vgl.
161 3404 213 3454 div.
241 3401 267 3450 iu
288 3400 316 3466 Q.
336 3400 407 3452 Cacc.
424 3404 449 3465 t,
470 3402 513 3452 ta:
541 3403 618 3450 videto
644 3418 674 3450 ue
699 3404 802 3452 nimium
819 3401 984 3464 familiariter
1013 3403 1153 3451 inimicitiae

75 3490 185 3525 exeram
201 3475 305 3524 videare.

149 3546 179 3594 de
195 3551 287 3592 natura
304 3543 402 3590 deorum
423 3538 528 3590 vcrrhth
546 3538 592 3588 den
608 3535 709 3588 Heuncr
725 3538 771 3588 der
790 3537 963 3601 griechischen
982 3535 1150 3603 Philosophia,

74 3611 191 3662 weshalh
210 3607 227 3675 ᾖ
246 3611 278 3660 72
296 3611 384 3659 Matar.

149 3682 190 3732 72.
209 3681 369 3728 communium
387 3681 430 3728 litt.
451 3686 473 3727 ct
487 3679 557 3738 polit.
576 3679 655 3726 leuem:
674 3675 714 3726 dic
727 3675 898 3740 Bezeichnnng
915 3673 955 3726 fiir
966 3673 1150 3737 ‘allgcmeincrc

74 3743 203 3813 Bildung’,
223 3747 256 3796 im
275 3744 416 3810 Gcgcnsntz
435 3761 481 3795 zur
493 3743 764 3796 wissenschaltlichen:
784 3747 892 3795 doctriua
910 3744 970 3794 oder
988 3747 1152 3794 interiecerat

72 3819 213 3869 reconditae
230 3819 329 3866 litterae.

146 3889 313 3946 laudiciam,
333 3883 381 3933 wie
401 3882 463 3934 oben
483 3886 507 3946 4,
530 3887 568 3937 ts.

146 3957 310 4006 dedocendus:
329 3968 378 4002 von
398 3953 480 4002 seiher
499 3951 674 4016 vorgciasstcu
691 3951 808 4014 Meinnng
825 3950 980 4014 ahgchracht
997 3949 1125 4002 merdam·

144 4035 186 4076 cut
202 4039 250 4074 vor
269 4025 443 4073 ammiratione
461 4035 515 4072 zum
533 4021 705 4086 Aligemeincn
725 4018 892 4083 aufsteigend:
921 4019 981 4070 oder
998 4019 1149 4085 iiherhaupt.
