2756 4520
150 327 163 358 ³
297 345 340 398 un
361 345 647 413 obarmemur.
668 363 722 414 etp.
744 349 782 402 n.
801 347 817 416 fi
838 351 949 404 arr-ar.
1116 349 1157 415 35

82 511 217 574 servant,
240 501 321 580 quod
343 503 507 564 multorum
530 503 675 564 sermonis
698 513 831 584 expertes
854 523 886 565 ee
907 515 1008 566 tenent
1030 523 1157 586 semper,

82 607 161 666 quae
179 587 275 666 prima
291 587 456 650 didicerunt
473 623 523 668 —,
545 588 596 650 sed
614 607 678 650 eam
702 589 861 665 sitandin,
885 599 918 651 ut
932 589 1069 652 Plautum
1085 591 1157 652 mihi

81 682 134 735 aut
149 673 290 734 Naevium
306 672 405 734 ridear
423 672 541 734 audire:
566 691 642 734 sono
659 675 724 753 ipso
740 675 820 736 vocis
836 675 874 735 ita
890 684 969 738 rento
986 686 1014 740 et
1031 676 1156 754 simplici

81 767 136 841 est,
153 766 188 820 ut
202 757 274 818 nibil
289 758 490 820 ostentationis
505 768 555 821 aut
568 758 738 820 imitationis
753 761 869 822 adferre
883 761 1032 841 videatur3
1048 779 1084 822 ex
1096 779 1154 839 quo

81 845 126 905 sio
140 843 275 904 locutum
292 861 356 904 esse
372 843 435 904 eius
450 852 563 924 patrem
580 844 687 917 iudico,
704 846 747 906 sic
761 846 904 918 maiorem
927 864 989 906 uon
1005 864 1108 925 aspere
1124 857 1157 907 ut

80 930 139 1002 ille,
156 943 245 1006 quem
262 928 333 1009 dixi,
349 947 411 989 non
426 938 514 1002 vaste,
530 946 592 989 non
607 931 725 1007 rustice,
745 949 806 991 non
821 930 926 1008 hiulce,
943 931 995 992 sed
1010 949 1112 1010 presse
1128 940 1156 992 et

81 1013 276 1092 aequabiliter
296 1023 325 1074 et
339 1013 452 1075 leniter.
497 1015 561 1087 Qua
578 1033 611 1075 re
629 1015 710 1076 Cotta
731 1024 841 1089 noster,
862 1017 946 1077 ouius
969 1025 1001 1078 tu
1022 1015 1069 1078 illa
1090 1017 1154 1088 lata,
1168 1035 1210 1085 46.
1236 1031 1240 1042 ’

80 1099 206 1178 Sulpici,
221 1117 284 1159 non
299 1117 463 1177 numquam
472 1098 602 1172 imitaris,
617 1109 651 1160 ut
663 1101 724 1161 lota
739 1101 864 1163 litteram
874 1102 957 1162 tollas
972 1111 1000 1164 et
1011 1102 1035 1164 E
1043 1101 1154 1180 plenis-

79 1187 194 1246 simum
210 1184 299 1256 dicas,
321 1202 383 1244 non
399 1184 470 1244 mihi
487 1191 618 1246 oratores
638 1186 783 1264 antiquos,
805 1187 856 1248 sed
879 1205 1026 1249 messores
1041 1187 1156 1248 videtur

79 1270 200 1332 imitari.
244 1269 299 1330 llio
321 1287 390 1343 oum
405 1269 550 1330 arrisisset
570 1271 633 1350 ipse
653 1271 816 1352 Sulpicius,
838 1271 881 1333 sio
895 1276 977 1351 egam
994 1272 1155 1344 vobiscum,

78 1356 181 1434 inquit
198 1354 332 1434 Crassus,
351 1362 383 1415 ot
397 1355 538 1433 quoniam
555 1374 601 1415 me
617 1356 698 1434 loqui
714 1357 854 1433 voluistis,
877 1357 984 1436 aliquid
1002 1359 1038 1419 de
1053 1359 1155 1418 vestris

80 1441 160 1503 uitiis
176 1439 313 1501 audiatis.
357 1439 474 1503 Utinam
491 1438 623 1519 quidem!
653 1442 749 1519 inquit
762 1441 825 1503 ille:
848 1442 877 1503 id
894 1446 972 1504 enim
986 1445 1085 1522 ipsum
1101 1463 1155 1503 vo-

79 1527 193 1601 lumus,
209 1525 300 1602 idque
315 1524 340 1585 si
356 1524 468 1597 leteris,
489 1526 587 1598 multa,
609 1535 642 1587 ut
656 1525 792 1607 arbitror,
813 1528 861 1588 bio
875 1528 963 1599 bodie
979 1530 1045 1590 vitia
1059 1546 1156 1606 pone-

81 1630 163 1672 mus.
209 1612 247 1671 m
262 1610 341 1671 euim
357 1628 420 1671 non
436 1611 500 1672 sine
515 1628 582 1672 meo
597 1611 737 1690 periculo,
760 1612 883 1674 Crassus
897 1613 1002 1692 inquit,
1023 1632 1156 1693 possum,
1169 1632 1209 1680 ιι.

79 1695 207 1776 Sulpici,
228 1704 257 1756 te
272 1695 499 1776 reprehendere,
522 1696 663 1775 quoniam
679 1697 826 1759 Antonius
841 1697 914 1758 mihi
933 1707 961 1759 te
976 1699 1156 1761 simillimum

170 1852 310 1911 multonem,
332 1847 355 1900 d.
373 1847 389 1898 i.
409 1847 452 1898 des
470 1863 573 1911 grossen
593 1845 709 1900 Haulens.

175 1919 218 1968 sed
235 1933 286 1965 eam
306 1919 341 1966 eie
356 1919 437 1967 audie.
457 1915 504 1967 Die
516 1913 677 1979 Parenthese,
695 1919 760 1968 nach
776 1917 887 1968 weleber
901 1918 947 1968 der
960 1917 1155 1968 unterbroobene

77 1986 144 2037 Satz
151 1985 199 2034 mit
206 1983 542 2049 aedwiedernufgenommen
550 1985 622 2048 mirri,
632 1985 798 2050 betzugleiob
809 1986 848 2038 ein
855 1986 1155 2040 Auakoluthvereulasst,

172 2052 202 2104 T
221 2051 334 2104 ltlncoius
361 2051 473 2116 Plautus,
497 2055 584 2106 dossen
608 2053 776 2118 Geburtsjnbr
798 2055 943 2106 unbekannt
965 2055 1007 2116 ist,
1034 2056 1104 2105 storb
1130 2055 1156 2103 iu

79 2125 175 2174 behem
193 2119 269 2172 Alter
287 2121 363 2175 iurJ.
387 2124 436 2176 184
454 2139 479 2176 v.
499 2122 556 2174 Chr.
575 2123 634 2186 Vgl
654 2122 738 2187 Quint.
756 2123 791 2174 X.
813 2128 836 2186 t,
855 2127 902 2178 99·
919 2127 953 2174 Ie
971 2127 1089 2174 comoedia
1105 2141 1156 2173 ma-
1220 2155 1223 2161 ·

76 2198 146 2264 xime
167 2194 340 2253 eleode'eameee,
366 2195 419 2244 lieet
442 2194 519 2242 Varro
537 2195 631 2253 Musae,
649 2195 817 2244 Aeie'Ste‘lomie
831 2197 958 2256 amiatae,
967 2195 1080 2244 Plautino
1094 2196 1170 2243 dieat.

74 2275 191 2314 sermome
209 2265 333 2311 ieeutarar
342 2262 434 2323 juisse,
457 2265 481 2310 ei
495 2263 583 2312 Iatime
599 2265 666 2325 ioqui
679 2265 771 2312 uellent

82 2357 89 2376 .
171 2327 200 2379 C
215 2327 323 2391 Niirius,
342 2329 488 2391 tta-204,
508 2329 639 2380 besebrreb
649 2329 695 2378 den
710 2337 794 2381 ersten
804 2329 937 2396 punrsoben
946 2326 1044 2394 lineg
1035 2345 1062 2378 m
1075 2329 1154 2380 einero

77 2397 149 2465 Epos
167 2397 220 2448 und
238 2412 294 2446 war
312 2398 377 2448 anob
397 2366 636 2450 Combriiendiebter.
656 2397 683 2448 ln
704 2399 759 2450 dem
779 2397 845 2465 lipos
861 2398 977 2450 bodiente
995 2413 1023 2450 or
1040 2397 1094 2448 sicli
1111 2399 1154 2448 eles

77 2465 231 2518 nefionelen
249 2465 425 2516 saturnischeu
435 2467 604 2531 Vorsmesses,
624 2483 656 2517 en
668 2467 757 2518 ‹lessen
766 2466 845 2520 Stelle
864 2473 917 2518 eret
929 2483 987 2518 ,von
1004 2465 1098 2518 Ennius
1110 2468 1155 2517 der

78 2533 246 2601 daktylisebe
267 2534 418 2585 llexameter
436 2542 535 2600 gesetzt
551 2535 647 2588 wurde.
685 2536 743 2600 Vgl.
762 2538 830 2588 Bmt.
853 2539 891 2598 19,
909 2540 954 2588 75:
973 2539 1063 2588 Nomii
1078 2540 1154 2594 illias,

75 2623 149 2670 quem
167 2607 196 2654 im
216 2605 309 2655 emmae
325 2613 347 2654 et
364 2606 460 2656 Faumie
476 2609 619 2656 ameemeret
636 2607 741 2669 Etenim,
768 2609 853 2658 bellum
870 2608 990 2658 Pumiemn
1007 2609 1081 2670 quari
1096 2608 1154 2668 My·

75 2677 147 2726 rome'e
163 2688 225 2734 opus
244 2675 348 2724 deleam.
459 2698 461 2701 ·

169 2742 280 2804 adferre,
298 2739 375 2792 iillers
395 2741 421 2790 iu
438 2741 493 2792 dem
511 2739 586 2791 Siune
604 2756 654 2790 von
670 2745 846 2806 praeseferre
855 2742 894 2792 od.
904 2744 989 2792 babere
1002 2742 1154 2806 gebraucht3

79 2828 109 2861 so
131 2812 176 2870 33,
202 2811 262 2862 lto:
290 2814 313 2860 ei
330 2825 407 2861 umam
424 2813 519 2874 aliquid
533 2812 630 2875 ιιιίῘιιι,Ι
648 2808 679 2860 ll.
699 2812 740 2874 38,
760 2813 821 2863 159:
839 2828 917 2874 yemue
935 2814 1050 2862 emmonis
1073 2812 1154 2873 adfert

78 2897 129 2932 mom
144 2881 275 2944 irenaeum,
288 2880 430 2941 nomsueeem
439 2896 468 2930 ee
474 2881 610 2942 profluens,
622 2883 664 2930 ead
674 2883 741 2944 exile,
750 2882 856 2941 aridum,
866 2883 984 2930 eoneieum
992 2883 1152 2931 erminonem.

169 2951 220 3010 iile,
242 2947 315 2998 nemi.
334 2947 362 3002 L.
380 2946 469 2998 Cotta:
490 2950 529 3012 11,
547 2949 588 3000 tn.

159 3030 259 3080 praese:
280 3015 369 3082 intpp,
381 3013 469 3066 scheri
478 3015 618 3079 ertilrulirt‚
631 3014 712 3066 bildet
725 3015 771 3064 tlon
785 3014 927 3079 Gegansatz
942 3032 973 3066 eu
985 3027 1050 3067 eeete
1062 3016 1153 3083 (broit)

76 3085 126 3136 und
146 3089 253 3150 raetiae,
275 3088 430 3149 aequabiliter
449 3099 480 3134 zu
496 3087 586 3136 bietine:
609 3083 735 3146 liabent,
759 3085 887 3149 stockend,
912 3089 1044 3136 lenimen
1062 3104 1152 3149 aspere,

169 3156 214 3206 46.
236 3151 321 3218 Cotta,
345 3154 390 3204 der
407 3154 501 3207 vorber
518 3154 648 3204 erwiibnte
667 3151 695 3202 L.
713 3151 774 3204 Aur.
795 3152 879 3204 Cotta.
916 3153 951 3205 Er
974 3155 1054 3206 beisst
1072 3165 1152 3216 morter

76 3237 168 3288 wesen
192 3221 275 3272 seinos
293 3221 467 3288 perstinliobeu
484 3221 672 3272 Verbiiltnisses
691 3238 721 3270 zu
740 3220 852 3272 Catulus.

168 3294 258 3342 tollae:
277 3290 467 3342 versebwinden
484 3289 584 3342 liissest
601 3289 648 3341 Die
665 3288 744 3341 Stelle
764 3289 828 3340 wirrl
847 3290 925 3342 durch
942 3289 983 3340 die
998 3291 1152 3352 Bemerkung

76 3357 187 3410 l'urro’s
207 3359 239 3410 de
259 3374 287 3410 re
307 3359 375 3410 rost)
388 3358 408 3410 l.
421 3361 462 3422 48,
475 3361 491 3411 2
511 3359 616 3422 orkliirt,
636 3359 694 3409 dass
703 3359 768 3408 uarii
780 3358 989 3425 derbusspraobe
1001 3359 1045 3410 der
1056 3360 1151 3409 Baueru

75 3434 116 3482 m'a
132 3427 185 3478 wie
204 3445 254 3491 eea,
274 3432 347 3480 ιιιιίι·
362 3428 412 3479 wie
429 3431 511 3490 mecei,
528 3432 586 3480 oilla
603 3427 652 3478 wie
667 3432 728 3479 aella
741 3427 846 3480 lautete.

164 3514 290 3560 ponemus,
308 3496 357 3548 wie
375 3497 416 3547 ein
425 3495 499 3547 llleid
518 3497 578 3554 oder
595 3495 650 3547 eine
663 3495 758 3560 Menke,
769 3521 801 3538 =
812 3501 952 3560 deponemus
962 3496 1021 3546 oder
1032 3512 1150 3556 mmmm,

75 3565 129 3632 egl.
151 3566 183 3616 de
204 3565 245 3614 off.
266 3563 308 3616 lll.
331 3569 370 3628 to,
386 3567 433 3618 43:
451 3569 523 3617 Pena
539 3569 602 3617 emm
613 3582 742 3627 perronam
758 3570 837 3631 emiei,
855 3583 907 3616 esem
925 3569 1003 3616 induit
1019 3565 1116 3616 iudieie.

164 3637 208 3695 47
229 3636 265 3686 Ar
282 3639 346 3686 em'm
363 3635 433 3686 steht
452 3640 527 3685 sonet
545 3633 685 3698 biiuliger
677 3650 702 3683 m
723 3633 767 3684 der
779 3634 907 3685 Αιιιιι1ιιιιι
926 3634 993 3684 eines
1011 3647 1042 3682 zu
1054 3646 1150 3683 erwar-

74 3703 172 3754 tondeo
191 3701 341 3754 Einwaudes
361 3703 404 3753 des
424 3701 548 3769 Gesners,
566 3703 677 3754 welcher
691 3703 908 3767 zuriiekgewiesen
924 3701 1024 3752 werden
1038 3700 1095 3763 soll,
1113 3700 1150 3750 als

74 3772 101 3822 iu
121 3771 169 3822 der
188 3769 320 3822 oiulnobou
336 3771 528 3836 Widerlegung
552 3772 645 3822 Jeuoch
663 3787 692 3822 so
710 3773 774 3822 anob
794 3773 823 3822 de
842 3771 883 3824 otl.
903 3758 974 3837 ls
965 3788 982 3834 ι,
1005 3773 1067 3823 144.
1087 3773 1152 3821 Bene

74 3844 191 3902 Pericles,
214 3858 303 3892 eem-
278 3841 436 3902 -sermome
449 3857 514 3926 paor
528 3844 672 3902 praeteriret
689 3844 832 3906 dmieeetqoe
848 3841 926 3902 septo
955 3853 986 3889 ιι
1005 3841 1151 3902 Opuerem

70 3913 217 3974 pumiceum,
236 3912 350 3962 Pauor
376 3911 421 3960 ‘At
436 3912 500 3960 emim
511 3919 656 3974 praetorem,
677 3911 796 3972 Sophocle,
816 3912 912 3961 ᾱιιιιι
943 3911 1038 3970 selam
1055 3926 1149 3970 mamae,

72 3982 119 4032 ead
135 3983 209 4030 etiem
227 3982 308 4029 oeulos
324 3982 465 4031 abstinentie
482 3975 583 4030 tatere!
931 4009 939 4052 ,

166 4049 266 4098 milri-
273 4053 429 4100 simillimam.
454 4046 514 4098 Dies
531 4045 632 4112 Adjeet
650 4044 746 4096 wird
739 4061 764 4094 m
785 4033 879 4116 ι1ιι19
929 4028 996 4096 ''mit
1015 4045 1070 4096 dem
1088 4044 1150 4096 Gen

807 4141 844 4266 ,
912 4113 980 4178 ,r
