2734 4522
257 337 301 390 DE
321 337 605 405 tauroentum.
624 355 646 391 c.
664 343 706 394 16.
725 339 800 405 419
822 341 965 394 aee-182.
1082 340 1143 404 lll

74 501 175 554 umen
189 503 235 556 est
247 495 306 556 ulla
321 513 389 574 pars
403 493 460 555 nisi
482 503 614 554 venusta.
656 493 839 574 Linquamus
858 503 993 558 naturam
1015 496 1145 576 artisque
1159 497 1217 553 18⁰.

73 578 240 644 rideamus.
266 579 418 654 Quintam
433 579 466 640 in
479 578 594 658 navigio
610 581 810 642 necessarium
826 599 915 659 quam
928 582 1032 654 latera,
1056 599 1146 660 quam

73 681 230 741 cavernae,
246 683 334 743 quam
350 683 448 743 prora,
463 683 552 742 quam
566 665 685 745 puppis,
699 684 788 745 quam
802 675 964 738 antemnae,
979 667 1147 745 quamvela,

75 767 167 827 qnam
183 748 276 810 mali?
298 768 373 828 quae
386 757 485 812 tamen
500 750 575 810 hanc
596 749 704 812 habent
723 751 755 812 in
777 752 874 831 speeie
895 762 1091 824 venustatem,
1114 760 1147 812 nt

75 853 140 896 non
154 835 253 896 solum
273 835 387 908 suuis,
408 835 461 896 sed
476 836 561 900 ctiam
576 835 731 914 voluptatis
748 856 833 898 causa
848 838 967 898 inventa
981 855 1046 898 esse
1062 837 1145 899 ride-

73 929 173 982 antur.
196 921 356 982 Columnae
371 921 476 999 templa
491 929 520 980 et
533 921 664 1000 porticus
679 921 839 1003 sustinent3
855 931 954 984 tamen
968 921 1146 984 hahentnon

73 1005 143 1084 plus
157 1006 287 1068 utilitatis
301 1023 391 1085 quarn
407 1005 561 1084 dignetis.
604 1006 735 1086 Capitolii
756 1007 903 1087 fastigium
924 1009 997 1070 illud
1019 1016 1048 1068 et
1068 1016 1146 1069 cete-

73 1109 180 1152 rarum
203 1091 319 1152 aedium
341 1109 404 1152 non
426 1100 579 1168 venustas,
601 1094 652 1152 sed
669 1093 827 1154 necessitas
849 1095 910 1172 ipsa
933 1092 1071 1154 fabricata
1087 1102 1146 1154 est:

74 1185 261 1238 tamencum
277 1185 354 1238 esset
364 1175 460 1238 hahita
474 1177 563 1250 ratio,
587 1195 676 1255 quem
695 1178 732 1238 ad
755 1179 879 1240 modum
894 1198 931 1240 ex
942 1187 1065 1258 utraque
1079 1179 1146 1239 tecti

74 1269 159 1340 parte
174 1280 251 1340 aqua
270 1261 469 1337 delaberetur,
491 1262 642 1324 utilitatem
656 1263 757 1343 templi
779 1265 885 1344 lastigii
900 1265 1022 1344 dignitas
1039 1282 1146 1325 eonse-

74 1355 144 1408 cuta
158 1353 220 1417 est;
242 1356 289 1421 ut,
312 1347 424 1408 etiamsi
443 1348 475 1408 in
491 1349 569 1408 caelo
585 1347 759 1427 Capitolium
774 1358 964 1430 statueretur,
986 1349 1036 1410 uhi
1052 1347 1146 1410 imber

75 1451 142 1493 esse
157 1450 221 1493 non
236 1441 345 1511 posset,
360 1433 468 1494 nullam
484 1434 548 1494 sine
563 1434 677 1513 fastigio
689 1434 858 1512 dignitatem
869 1435 1039 1497 habiturum
1054 1435 1146 1496 frnsse

72 1517 219 1578 rideatur.
255 1517 320 1578 Hoc
334 1518 365 1577 in
379 1517 518 1578 omnihus
531 1519 599 1578 item
619 1518 749 1598 partibus
764 1521 905 1582 orationis
920 1521 1024 1594 evenit,
1041 1528 1073 1581 ut
1087 1520 1145 1580 uti-
1160 1525 1217 1577 1⁸1.
1324 1561 1325 1568 .

73 1605 186 1664 litatem
201 1621 236 1663 ac
249 1621 343 1682 prope
357 1603 558 1664 necessitatem
581 1605 706 1666 suavitas
727 1605 871 1684 quaedam
894 1614 923 1666 et
941 1605 1024 1684 lepos
1039 1623 1146 1666 conse-

75 1697 203 1768 quatur;
220 1687 363 1750 clausulas
378 1689 457 1748 enim
471 1697 558 1768 atque
571 1689 756 1768 interpuncta
764 1691 924 1752 verborum
932 1691 1046 1751 animae
1053 1691 1145 1750 inter-

76 1774 172 1836 clusio
202 1781 290 1851 atque
320 1775 469 1853 angustiae
491 1774 612 1852 spiritus
635 1776 808 1837 attulerunt:
829 1777 859 1838 id
872 1776 1027 1836 inventum
1044 1777 1083 1837 ita
1104 1787 1148 1836 est

75 1877 177 1933 suave,
192 1867 234 1940 nt,
250 1859 276 1918 si
290 1859 337 1920 cui
352 1860 390 1920 sit
402 1859 534 1920 infinitus
549 1859 669 1938 spiritus
684 1861 778 1934 datus,
792 1870 889 1922 nmen
898 1879 966 1922 eum
974 1868 1147 1940 perpetuare

76 1943 169 2006 rerba
185 1943 324 2004 nolimus.
362 1945 395 2005 ld
410 1945 488 2005 enim
503 1945 624 2006 auribus
641 1946 749 2006 nostris
773 1955 888 2026 gratum
905 1955 949 2008 est
965 1947 1146 2024 [inventuml

76 2031 160 2110 quod
176 2029 333 2090 hominum
354 2029 493 2091 lateribus
508 2048 570 2090 non
585 2030 733 2093 tolerabile
752 2033 865 2106 selum,
887 2032 939 2092 sed
962 2033 1048 2092 etiam
1063 2031 1146 2092 facile

74 2135 140 2178 esse
156 2123 267 2194 posset.
303 2113 489 2194 Longissima
509 2124 553 2177 est
572 2117 661 2196 igitur
684 2119 848 2196 complexio
870 2117 1047 2190 verborum,
1072 2135 1146 2194 quae
1159 2123 1270 2188 4⁷.182
1358 2125 1359 2134 ’

75 2201 156 2265 volvi
172 2218 235 2262 uno
250 2199 354 2278 spiritu
370 2209 480 2282 potest;
502 2202 553 2262 sed
577 2202 625 2262 hic
639 2211 760 2264 naturae
774 2203 881 2265 modus
895 2210 954 2276 est,
979 2203 1049 2264 artis
1064 2202 1146 2263 alius.
1323 2203 1332 2220 “

75 2289 152 2350 Nam
168 2303 239 2347 cum
254 2286 313 2346 sint
326 2286 443 2346 numeri
457 2287 573 2366 plnres,
587 2286 718 2348 iambum
733 2296 762 2349 et
774 2290 945 2350 trochaeum
961 2292 1146 2367 frequentem

75 2380 213 2453 segregat
227 2370 264 2431 ab
281 2380 397 2432 oratore
411 2372 589 2450 Aristoteles,
607 2371 720 2446 Catule,
736 2383 847 2450 vester,
864 2375 915 2453 qui
930 2384 1033 2436 natura
1048 2382 1146 2436 tamen

148 2561 208 2612 180.
225 2561 385 2623 linquamus,
402 2557 454 2620 vgl.
475 2561 515 2620 10,
532 2559 573 2613 38.

145 2644 263 2679 acernae
278 2627 345 2680 hier:
370 2627 415 2676 der
432 2627 507 2676 hohle
526 2627 702 2691 Sehiffsruum3
724 2635 804 2679 etwas
828 2629 918 2680 andere
936 2628 1013 2692 Verg.
1036 2628 1098 2680 Aen.
1116 2627 1146 2681 ll.

78 2700 126 2750 19:
140 2700 288 2760 miteque
306 2713 418 2748 cweauaa
434 2700 537 2762 iuuentis
554 2706 694 2761 uterumque
706 2709 797 2749 armato
815 2701 889 2749 mate
904 2703 1007 2760 morphe

146 2769 274 2816 militm
294 2769 376 2827 templa·
398 2771 460 2829 oet,
487 2765 510 2815 d.
534 2765 560 2815 h.
586 2767 643 2815 dass
667 2767 713 2816 ruit
730 2768 785 2817 dem
804 2765 902 2818 Nutzen
920 2765 961 2816 hir
981 2766 1028 2817 den
1045 2765 1147 2832 Tempel

77 2837 123 2886 (las
141 2835 281 2900 imposaute
299 2834 428 2884 Aussehen
447 2835 489 2883 des
508 2832 609 2884 Giebols
627 2836 831 2886 nnzertrennlieh
848 2834 992 2886 verbunden
1010 2835 1051 2885 ist.

152 2905 210 2956 181.
227 2907 393 2965 intermerata,
413 2918 447 2952 sc.
464 2907 606 2970 iamenu,
632 2920 653 2955 s.
673 2908 721 2968 44,
749 2907 811 2956 173:
841 2903 880 2954 die
905 2903 1033 2954 kleincren
1050 2903 1147 2954 Pausen

77 2973 207 3024 zwisohen
225 2972 271 3022 den
291 2971 421 3022 einzelnen
439 2970 538 3038 Siteon,
557 2971 737 3036 imGegensatz
756 2989 787 3023 zu
804 2974 852 3024 den
871 2971 1147 3036 grhsserenPerioden-

76 3042 208 3093 schliissen
228 3041 430 3092 aecumaecui.
897 3040 899 3046 “

146 3113 300 3162 muciano:
334 3107 442 3172 villiges
468 3107 615 3173 husgehen‚
643 3115 780 3176 aequitiae:
808 3109 977 3176 Naehlassen,
1013 3110 1148 3161 Schwach-

75 3179 189 3229 werden.

146 3251 294 3298 attulenmt:
314 3244 394 3296 haben
417 3245 566 3296 vcranlasst.
600 3246 663 3297 Eine
682 3247 948 3316 iihnliehe‚Metapher
966 3249 1002 3299 ist
1019 3254 1149 3311 importare

75 3316 151 3368 Tuae.
173 3314 237 3381 disp.
253 3313 298 3366 IV.
319 3316 358 3376 15,
375 3317 415 3368 34.

148 3380 279 3442 42182.
299 3387 376 3434 oolol:
393 3382 518 3448 abgerollt
534 3384 643 3447 werden,
664 3384 713 3434 wie
732 3385 803 3438 Brut.
824 3389 865 3451 70,
884 3388 946 3438 246:
964 3387 1148 3437 eeureaoerta

75 3460 188 3513 velocem
208 3470 258 3504 uno
275 3455 379 3518 spirito,
404 3452 452 3502 wie
472 3451 490 3502 1.
510 3453 551 3515 61,
571 3455 635 3504 261:
664 3459 709 3518 qui
726 3452 923 3520 (Demosthenes)
942 3481 977 3490 -
994 3456 1103 3504 coenosis
1120 3455 1147 3502 iu

76 3542 102 3574 oa
122 3525 222 3574 calculis
240 3539 332 3572 amma
349 3538 401 3572 voco
420 3539 503 3572 aeram
520 3525 607 3572 multos
633 3540 682 3572 uno
704 3527 794 3586 spiritu
817 3527 962 3586 percunctare
979 3525 1146 3574 consuescebat.

77 3592 116 3642 Zu
136 3591 193 3641 dem
213 3590 435 3654 vorhergehenden
454 3594 582 3654 coequato
599 3588 725 3656 (Periode)
747 3591 798 3656 vgl.
817 3609 851 3644 or.
878 3593 928 3655 25,
955 3594 999 3644 85:
1023 3595 1148 3642 acervam

76 3665 155 3712 multa
172 3661 334 3724 frequentasse
352 3675 403 3709 mco
420 3663 578 3722 complexione
596 3663 717 3711 daciam.

145 3737 233 3791 potest,
251 3729 274 3778 d.
292 3729 317 3778 h.
336 3729 400 3777 nach
417 3729 471 3778 dem
492 3728 720 3792 Vorhergeheurlen
731 3751 766 3772 ==
776 3731 848 3792 focale
859 3739 944 3793 poteo,
962 3730 994 3779 da
1011 3727 1068 3779 hier
1085 3731 1149 3778 noch

78 3813 131 3846 von
152 3796 197 3847 der
215 3794 261 3846 aul
280 3797 334 3846 dem
354 3793 445 3846 Geretz
462 3797 620 3847 uatiirlichen
640 3797 840 3862 Wehlgelallens
866 3797 1024 3848 beruhonden
1040 3797 1148 3848 Abthei-

77 3867 141 3929 lung
160 3865 200 3915 die
221 3865 288 3916 llede
307 3865 349 3915 ist.

146 3945 231 3999 centn,
250 3936 272 3986 d.
291 3934 315 3984 h.
334 3933 413 3998 aller,
433 3934 543 3996 welche,
562 3933 611 3984 wic
631 3935 672 3998 du,
691 3934 731 3984 dic
751 3934 905 4004 griechische
923 3934 1066 3986 Litteratur
1085 3935 1148 3986 keu-

77 4018 128 4052 neu
147 4004 198 4052 und
218 4004 354 4066 verehren3
370 4017 391 4058 s.
409 4019 430 4055 z.
444 4005 468 4064 3,
486 4005 516 4065 93
534 4005 558 4066 8,
577 4005 618 4054 29.
