2814 4526
318 353 361 404 lut
381 351 967 422 ontionu‚1it.11.esp.o.r.§et-27.
1137 353 1180 419 23

104 511 188 589 ipse;
212 507 249 570 de
270 527 330 588 quo
353 509 439 570 etiam
461 509 595 588 scripsit:
617 509 795 570 Persium
817 529 895 570 non
917 530 1010 572 curo
1032 511 1179 589 legere,

105 629 148 638 —-
171 594 220 655 bic
242 595 297 654 fuit
319 595 414 672 enim,
445 603 478 654 ut
498 613 655 668 noramus,
686 597 820 656 omnium
843 598 904 656 fere
926 605 1099 656 nostrorum
1121 596 1179 655 hc-

105 681 224 741 minum
247 679 434 741 doctissimus
460 713 506 754 -,
536 679 704 740 Laelium
727 682 933 742 Decumum
956 681 1057 754 volo,
1088 699 1178 758 quem

103 765 303 844 cognovimus
333 766 430 826 virum
459 764 573 824 bonum
603 775 632 825 et
661 784 722 826 non
751 765 943 840 illitteratum,
973 765 1024 826 sed
1046 765 1119 826 nihil
1140 767 1176 826 ed

105 851 260 911 Persium:
283 849 325 910 sic
348 869 410 928 ego,
434 849 538 910 eiiam
561 851 633 910 mibi
655 851 865 930 disputandum
888 852 924 912 sit
945 852 981 912 de
1001 852 1046 912 bis
1069 851 1177 911 nostris

104 935 228 1008 studiis,
251 935 343 996 nolim
365 935 501 1014 equidem
522 935 600 1013 apud
624 936 764 1008 rusticos,
780 937 838 996 sed
862 937 953 997 multo
977 937 1076 997 minus
1097 936 1177 1014 apud

107 1041 178 1094 vos3
213 1021 291 1080 malo
321 1021 399 1080 enim
429 1038 491 1080 non
514 1015 640 1098 intellegi
662 1023 825 1084 orationem
848 1041 943 1082 meam
963 1040 1051 1100 quam
1073 1041 1176 1099 repre-

104 1105 206 1166 hendi.
243 1105 320 1166 Tum
335 1105 455 1166 Caesar:
477 1105 631 1184 Equidem,
653 1106 756 1184 inquit,
778 1107 965 1180 Catuleinm
989 1107 1060 1167 mihi
1075 1107 1178 1166 videor
1192 1117 1220 1180 7.
1238 1123 1283 1174 26.
1341 1120 1344 1128 ⁴
1386 1177 1387 1182 γ

106 1210 231 1252 navasse
254 1208 384 1269 operam,
398 1191 487 1271 ‘quod
510 1191 569 1250 buc
591 1193 731 1252 venerim.
769 1192 841 1252 Nam
865 1193 936 1254 haec
956 1193 1019 1271 ipsa
1032 1192 1177 1252 recusatio

106 1276 314 1356 disputationis
333 1275 490 1354 disputatio
514 1277 656 1354 quaedam
681 1279 736 1338 fuit
757 1278 829 1340 mihi
851 1278 970 1356 quidem
988 1277 1179 1356 periucunde.

102 1363 164 1423 Sed
188 1380 242 1421 cur
263 1360 441 1439 impedimus
463 1358 649 1422 Antonium?
671 1363 756 1423 cuius
777 1361 864 1424 audio
887 1381 952 1424 esse
974 1363 1072 1440 partis,
1094 1373 1127 1422 ut
1143 1362 1178 1422 de

105 1458 167 1508 tota
191 1447 357 1524 eloquentie
379 1447 510 1518 disseret,
532 1464 681 1526 quemque
701 1448 890 1529 iamdudum
911 1457 939 1508 et
960 1449 1041 1509 Cotta
1065 1456 1092 1508 et
1109 1448 1178 1508 Sul-

104 1534 202 1611 picius
225 1529 392 1609 exspectet?
428 1531 490 1610 Ego
510 1549 596 1604 vero,
618 1533 714 1610 inquit
735 1533 873 1608 Crnmm,
897 1551 994 1612 neque
1016 1533 1178 1594 Antonium
1191 1532 1233 1583 27.

106 1617 233 1686 verbum
256 1619 352 1676 iacere
374 1617 465 1695 patiar
488 1625 516 1676 et
536 1617 599 1695 ipse
622 1617 840 1692 obmutescam,
873 1618 929 1678 nisi
951 1619 1034 1696 prius
1056 1637 1072 1678 a
1095 1617 1178 1678 vobis

104 1705 267 1782 impetrare
292 1737 331 1746 —
355 1697 525 1774 Quidnam?
561 1702 656 1781 inquit
683 1703 811 1764 Catulus.
854 1704 892 1764 Ut
920 1703 968 1762 hic
998 1703 1059 1764 sitis
1082 1703 1178 1766 bodie.

104 1789 202 1861 Tum,
231 1805 301 1846 cum
321 1787 369 1846 ille
391 1786 553 1860 dubitaret,
583 1787 663 1866 quod
686 1787 721 1848 ed
745 1791 864 1849 fratrem
886 1788 1076 1865 promiserat,
1106 1789 1177 1866 Ego,

104 1873 207 1950 inquit
227 1873 329 1946 luliuS,
350 1889 405 1950 pro
427 1882 553 1950 utroque
574 1874 758 1951 respondeo:
780 1875 821 1934 sic
843 1873 1000 1946 faciemus:
1022 1881 1109 1950 etque
1124 1873 1179 1932 ista

102 1958 228 2037 quidem
251 1957 434 2030 condicione,
456 1957 501 2017 vel
523 1967 556 2018 ut
577 1958 701 2018 verbum
720 1959 835 2019 mdlum
849 1961 969 2031 faceres,
990 1977 1038 2018 me
1052 1967 1177 2018 teneres.

174 2096 204 2142 de
231 2108 291 2155 qno:
318 2091 344 2140 in
371 2091 454 2156 Bezug
481 2090 596 2152 wornui,
624 2107 653 2141 so
678 2093 753 2142 meist
779 2093 805 2142 in
831 2092 994 2156 Verbindnng
1022 2091 1069 2141 mit
1096 2090 1178 2142 einem

102 2161 216 2214 Verbum
237 2163 333 2210 dmendi
356 2161 417 2210 oder
441 2164 573 2223 sentiendi,
595 2160 688 2224 jedoch
712 2163 776 2212 auch
803 2163 865 2212 ohne
883 2161 923 2210 ein
941 2161 1053 2223 solebes,
1077 2159 1126 2210 wie
1147 2162 1176 2210 de

104 2231 147 2282 off.
170 2229 190 2280 Ι.
211 2231 252 2288 15,
270 2233 317 2281 4“1;
350 2231 389 2279 De
414 2233 573 2280 benevolentia
599 2240 691 2293 antem,
717 2248 790 2295 qnam
813 2236 916 2296 quisque
938 2233 1021 2281 habeat
1044 2247 1101 2294 erpo
1125 2247 1178 2290 nee,

94 2303 212 2362 mimum
227 2301 291 2348 illud
310 2309 344 2348 est
360 2301 388 2348 in
407 2301 496 2361 officio.
1007 2339 1011 2346 .

173 2383 224 2416 non
237 2383 307 2416 coro:
319 2366 366 2415 mir
377 2366 441 2430 liegt
457 2367 538 2416 nichts
551 2367 637 2416 daran.
655 2365 706 2416 Des
718 2381 796 2430 ganne
806 2367 876 2416 uitat
887 2371 998 2418 Persicon
1006 2394 1036 2404 -—
1044 2369 1178 2416 Decumum

100 2442 156 2488 nolo
175 2435 261 2485 mocht
277 2450 418 2485 zusammen
435 2435 507 2486 einen
524 2445 616 2486 tetram.
633 2439 707 2485 troni.
725 2446 771 2486 eat.
791 2451 843 2486 nus.

174 2507 288 2563 Persius,
314 2505 377 2553 auch
396 2504 464 2553 Brut.
485 2507 526 2564 26,
547 2506 579 2556 99
600 2503 640 2553 ein
662 2507 729 2554 domo
747 2509 864 2555 litteratos
884 2499 1178 2570 (Alterthumslorscber)

102 2578 232 2638 genennt,
259 2571 369 2636 Quiistor
392 2572 425 2622 im
442 2573 465 2624 J.
486 2575 543 2634 146,
563 2571 627 2622 wird
646 2575 677 2624 91
697 2574 773 2622 sebon
791 2575 849 2623 todt
867 2587 984 2636 gewesen
1001 2571 1069 2635 sein;
1101 2571 1179 2621 daher

92 2645 156 2708 snit
172 2641 225 2691 und
241 2651 269 2691 nt
285 2658 413 2692 nonninus:
443 2640 492 2690 wie
508 2641 557 2690 wir
575 2638 691 2691 erfnbren
707 2643 804 2695 hatten.
840 2641 954 2691 Decimus
975 2639 1060 2690 L'o'lius
1078 2639 1113 2689 ist
1133 2655 1179 2689 nur

102 2726 151 2761 nus
173 2709 258 2760 dieser
275 2709 353 2759 Stelle
371 2709 489 2761 bekannt.

177 2781 213 2829 od
230 2781 357 2829 Persium:
375 2778 408 2826 im
427 2777 561 2841 Vcrglcich
578 2777 625 2826 mit
638 2775 675 2842 P,
693 2777 742 2828 wie
759 2779 789 2828 de
807 2777 873 2842 legg.
893 2776 912 2827 Ι.
933 2780 958 2843 2,
976 2781 1006 2830 6:
1035 2794 1084 2828 enee
1100 2787 1179 2828 antem

99 2865 235 2900 cumensem
252 2850 307 2898 tate
328 2849 426 2907 eedem,
445 2850 550 2909 Clodios,
569 2848 676 2898 Asellio:
692 2849 756 2897 nibil
771 2851 804 2898 ad
823 2850 934 2898 Caelium.

174 2921 199 2967 si
216 2920 281 2966 iam:
300 2931 374 2965 weun
393 2916 517 2980 wirlrlicb,
536 2915 587 2978 vgl.
606 2914 677 2965 nuso.
698 2915 753 2980 disp
779 2914 798 2968 l,
813 2916 855 2982 22,
873 2920 921 2970 to:
938 2919 963 2966 si
977 2919 1027 2967 iam
1040 2925 1139 2978 possent
1150 2919 1179 2966 in

100 2990 203 3037 nomina
220 2989 274 3035 oioo
291 2989 359 3035 cerni
374 2988 463 3049 ontnia,
480 3001 541 3049 qnae
559 3002 624 3036 nane
641 2993 699 3034 tenta
717 2995 780 3034 sont.

177 3051 207 3110 7.
230 3055 273 3106 26.
303 3070 393 3104 navare
410 3071 508 3114 onnam
527 3053 606 3103 heisst
626 3053 695 3103 nicht
714 3052 795 3102 bloss:
825 3052 880 3102 sich
900 3051 1049 3115 ernstliche,
1071 3053 1179 3102 sondern

103 3124 172 3174 auch
191 3121 248 3172 sich
266 3119 432 3185 eriolgreiclre
454 3121 529 3172 Miihe
547 3123 633 3185 geben,
655 3119 696 3172 liir
713 3121 782 3172 seius
800 3121 876 3172 Miihe
892 3121 995 3171 belohnt
1012 3121 1121 3172 werden.

174 3193 331 3251 impedimus:
344 3191 481 3241 hinhalten.

175 3275 301 3324 qnemqne,
320 3275 340 3311 s.
359 3275 381 3310 z.
402 3263 425 3324 1,
444 3262 474 3311 2:
495 3275 566 3324 qoem
584 3263 700 3320 Ormsns,·
725 3263 754 3309 de
770 3268 818 3309 tota
836 3261 969 3322 eloquentia
980 3281 1013 3298 =
1026 3262 1054 3309 de
1071 3261 1179 3308 omnibus

98 3333 254 3392 eloquentiae
268 3331 387 3389 partiens.

174 3407 292 3458 sesamae
309 3397 343 3446 im
357 3396 435 3460 Sing,
455 3394 500 3445 nui
518 3396 562 3446 des
579 3396 657 3445 letzte
675 3395 778 3458 Subject
796 3395 873 3445 ellein
892 3395 1016 3458 beregen,
1035 3393 1084 3444 wie
1103 3391 1179 3446 Tusc.

101 3467 166 3532 disp.
186 3465 206 3516 l.
225 3467 267 3528 49,
290 3469 351 3518 tto:
379 3469 582 3518 Lacedaemonos
601 3468 735 3527 Leonidas,
760 3467 885 3516 Tieionns
903 3467 1084 3526 Epaminondas
1102 3465 1180 3526 odem

101 3535 185 3587 Acnd.
206 3533 295 3597 1135,
318 3537 377 3588 113:
402 3545 425 3586 et
441 3537 596 3594 Peripatetici
610 3545 633 3586 et
649 3543 716 3584 oetns
734 3536 866 3584 Academia
883 3536 1003 3592 coneedit5
1021 3532 1084 3581 oben
1107 3534 1129 3593 1,
1149 3533 1179 3582 2:

99 3607 226 3657 narravit.
261 3602 350 3653 Dieser
375 3603 443 3667 Sing.
462 3601 539 3652 findet
563 3602 617 3652 sich
640 3618 679 3652 nm
696 3602 835 3666 hinligsteu
858 3602 899 3652 bei
917 3603 961 3651 der
981 3599 1115 3662 Trcnnung
1135 3599 1180 3649 der

98 3671 226 3736 Snbjecte
245 3672 324 3721 durch
342 3684 430 3723 ant-
443 3683 486 3722 ant
506 3672 580 3738 (oder
595 3681 637 3721 ant
654 3668 751 3736 ausin),
769 3688 845 3734 neque
858 3699 891 3708 —
906 3687 982 3734 neque
997 3668 1057 3717 oder
1073 3677 1095 3718 ot
1107 3696 1136 3704 -
1150 3678 1180 3718 et.

175 3743 217 3793 27.
243 3745 398 3803 meminerat,
416 3741 489 3791 neml.
504 3757 528 3791 se
545 3751 654 3790 cenatum
670 3744 778 3792 itmmm:
796 3739 850 3789 sich
868 3740 906 3800 lan
924 3737 1034 3800 jemand)
1049 3751 1179 3800 versngen.

100 3809 232 3862 Achnlich
258 3809 293 3859 ist
322 3810 366 3860 der
389 3809 484 3874 Begrill
507 3810 550 3858 des
568 3807 700 3858 liommcns
727 3824 757 3857 zu
781 3809 904 3872 erg'inzen
929 3807 959 3856 de
984 3803 1130 3868 tin.111.2,
1150 3807 1180 3859 8:

99 3883 173 3939 Quid
188 3889 225 3943 tn,
242 3881 331 3942 inquo,
350 3881 414 3930 dno?
431 3898 447 3929 a
463 3883 521 3928 oilla
538 3883 609 3940 enim,
631 3881 707 3928 ereda

176 3952 224 3999 ista
249 3951 346 4010 quidem
370 3949 517 4005 condicione,
544 3947 567 3998 d.
586 3947 610 3996 h.
628 3956 655 3998 ot
671 3956 694 3998 et
710 3948 847 3996 Antoniam
865 3946 936 3994 oerla
947 3943 1032 4007 faeere
1047 3948 1142 4004 potiare
1160 3952 1181 3992 et

100 4022 157 4080 ipm
175 4021 282 4082 loquare,
301 4016 413 4066 n'elchcn
435 4013 571 4066 Gedanken
591 4014 696 4065 Crassus
716 4029 755 4063 nm
773 4011 885 4075 Aninnge
904 4013 947 4062 des
960 4009 1135 4078 Parugmpben
1155 4011 1182 4061 in
