<?xml version="1.0" encoding="UTF-8"?>
<!DOCTYPE html PUBLIC "-//W3C//DTD XHTML 1.0 Transitional//EN"
    "http://www.w3.org/TR/xhtml1/DTD/xhtml1-transitional.dtd">
<html xmlns="http://www.w3.org/1999/xhtml" xml:lang="en" lang="en">
 <head>
  <title>
</title>
<meta http-equiv="Content-Type" content="text/html;charset=utf-8" />
  <meta name='ocr-system' content='tesseract 3.04.00' />
  <meta name='ocr-capabilities' content='ocr_page ocr_carea ocr_par ocr_line ocrx_word'/>
</head>
<body>
  <div class='ocr_page' id='page_1' title='image "./mtulliiciceroni79cicegoog/mtulliiciceroni79cicegoog_0199.png"; bbox 0 0 2814 4526; ppageno 0'>
   <div class='ocr_carea' id='block_1_1' title="bbox 216 303 1115 375">
    <p class='ocr_par' dir='ltr' id='par_1_1' title="bbox 216 303 1115 375">
     <span class='ocr_line' id='line_1_1' title="bbox 216 303 1115 375; baseline 0.006 -18"><span class='ocrx_word' id='word_1_1' title='bbox 216 307 279 372; x_wconf 84' lang='lat'><strong>144</strong></span> <span class='ocrx_word' id='word_1_2' title='bbox 382 307 424 358; x_wconf 86' lang='lat' dir='ltr'><strong>un</strong></span> <span class='ocrx_word' id='word_1_3' title='bbox 446 303 611 370; x_wconf 77' lang='lat' dir='ltr'><strong>oneroso,</strong></span> <span class='ocrx_word' id='word_1_4' title='bbox 628 307 673 360; x_wconf 86' lang='lat' dir='ltr'><strong>ne.</strong></span> <span class='ocrx_word' id='word_1_5' title='bbox 692 305 712 360; x_wconf 89' lang='lat'><strong>1.</strong></span> <span class='ocrx_word' id='word_1_6' title='bbox 729 323 781 374; x_wconf 70' lang='lat' dir='ltr'><strong>cap.</strong></span> <span class='ocrx_word' id='word_1_7' title='bbox 800 310 844 361; x_wconf 81' lang='lat' dir='ltr'><strong>et.</strong></span> <span class='ocrx_word' id='word_1_8' title='bbox 863 310 905 360; x_wconf 79' lang='lat' dir='ltr'><strong>oa.</strong></span> <span class='ocrx_word' id='word_1_9' title='bbox 925 305 950 375; x_wconf 59' lang='grc' dir='ltr'><strong>ἓ.</strong></span> <span class='ocrx_word' id='word_1_10' title='bbox 969 310 1115 362; x_wconf 81' lang='lat' dir='ltr'><strong>aot-aea.</strong></span> 
     </span>
    </p>
   </div>
   <div class='ocr_carea' id='block_1_2' title="bbox 139 463 1288 1056">
    <p class='ocr_par' dir='ltr' id='par_1_2' title="bbox 139 463 1288 1056">
     <span class='ocr_line' id='line_1_2' title="bbox 214 463 1287 544; baseline 0.004 -20"><span class='ocrx_word' id='word_1_11' title='bbox 214 463 441 538; x_wconf 86' lang='lat' dir='ltr'><strong>consuescebet;</strong></span> <span class='ocrx_word' id='word_1_12' title='bbox 471 481 569 542; x_wconf 85' lang='lat' dir='ltr'><strong>neque</strong></span> <span class='ocrx_word' id='word_1_13' title='bbox 596 466 622 525; x_wconf 91' lang='lat' dir='ltr'><strong>is</strong></span> <span class='ocrx_word' id='word_1_14' title='bbox 652 463 816 526; x_wconf 80' lang='lat' dir='ltr'>consistens</span> <span class='ocrx_word' id='word_1_15' title='bbox 844 465 875 524; x_wconf 93' lang='lat' dir='ltr'><strong>in</strong></span> <span class='ocrx_word' id='word_1_16' title='bbox 904 464 988 544; x_wconf 93' lang='lat' dir='ltr'><strong>loco,</strong></span> <span class='ocrx_word' id='word_1_17' title='bbox 1019 464 1072 524; x_wconf 93' lang='lat' dir='ltr'><strong>sed</strong></span> <span class='ocrx_word' id='word_1_18' title='bbox 1100 463 1287 528; x_wconf 82' lang='lat' dir='ltr'>inambulans</span> 
     </span>
     <span class='ocr_line' id='line_1_3' title="bbox 139 534 1287 629; baseline 0.003 -20"><span class='ocrx_word' id='word_1_19' title='bbox 139 534 198 588; x_wconf 74' lang='lat'><strong>²⁶²·</strong></span> <span class='ocrx_word' id='word_1_20' title='bbox 213 559 301 627; x_wconf 89' lang='lat' dir='ltr'><strong>etque</strong></span> <span class='ocrx_word' id='word_1_21' title='bbox 327 568 452 610; x_wconf 90' lang='lat' dir='ltr'><strong>escensu</strong></span> <span class='ocrx_word' id='word_1_22' title='bbox 480 549 649 628; x_wconf 83' lang='lat' dir='ltr'><strong>ingrediens</strong></span> <span class='ocrx_word' id='word_1_23' title='bbox 677 550 781 610; x_wconf 87' lang='lat' dir='ltr'><strong>arduo.</strong></span> <span class='ocrx_word' id='word_1_24' title='bbox 823 550 910 610; x_wconf 88' lang='lat' dir='ltr'><strong>llisce</strong></span> <span class='ocrx_word' id='word_1_25' title='bbox 939 567 993 628; x_wconf 83' lang='lat' dir='ltr'><strong>ego</strong></span> <span class='ocrx_word' id='word_1_26' title='bbox 1023 549 1287 629; x_wconf 72' lang='lat' dir='ltr'><strong>cohortationibus,</strong></span> 
     </span>
     <span class='ocr_line' id='line_1_4' title="bbox 212 634 1288 708; baseline 0.004 -14"><span class='ocrx_word' id='word_1_27' title='bbox 212 634 326 708; x_wconf 86' lang='lat' dir='ltr'><strong>Crasse,</strong></span> <span class='ocrx_word' id='word_1_28' title='bbox 342 635 378 696; x_wconf 93' lang='lat' dir='ltr'><strong>ad</strong></span> <span class='ocrx_word' id='word_1_29' title='bbox 393 634 524 697; x_wconf 90' lang='lat' dir='ltr'><strong>studium</strong></span> <span class='ocrx_word' id='word_1_30' title='bbox 539 644 568 696; x_wconf 89' lang='lat' dir='ltr'><strong>et</strong></span> <span class='ocrx_word' id='word_1_31' title='bbox 581 636 620 696; x_wconf 90' lang='lat' dir='ltr'><strong>ad</strong></span> <span class='ocrx_word' id='word_1_32' title='bbox 634 635 765 696; x_wconf 89' lang='lat' dir='ltr'><strong>laborem</strong></span> <span class='ocrx_word' id='word_1_33' title='bbox 781 634 944 696; x_wconf 88' lang='lat' dir='ltr'><strong>incitandos</strong></span> <span class='ocrx_word' id='word_1_34' title='bbox 958 634 1080 696; x_wconf 85' lang='lat' dir='ltr'><strong>iuvenes</strong></span> <span class='ocrx_word' id='word_1_35' title='bbox 1096 635 1288 698; x_wconf 86' lang='lat' dir='ltr'><strong>vehementer</strong></span> 
     </span>
     <span class='ocr_line' id='line_1_5' title="bbox 211 720 1287 800; baseline 0.004 -21"><span class='ocrx_word' id='word_1_36' title='bbox 211 720 376 793; x_wconf 83' lang='lat' dir='ltr'><strong>adsentior3</strong></span> <span class='ocrx_word' id='word_1_37' title='bbox 408 729 520 798; x_wconf 87' lang='lat' dir='ltr'><strong>cetera,</strong></span> <span class='ocrx_word' id='word_1_38' title='bbox 549 738 624 799; x_wconf 89' lang='lat' dir='ltr'><strong>quae</strong></span> <span class='ocrx_word' id='word_1_39' title='bbox 655 721 795 800; x_wconf 83' lang='lat' dir='ltr'><strong>collegisti</strong></span> <span class='ocrx_word' id='word_1_40' title='bbox 817 739 853 782; x_wconf 87' lang='lat' dir='ltr'><strong>ex</strong></span> <span class='ocrx_word' id='word_1_41' title='bbox 875 720 961 780; x_wconf 86' lang='lat' dir='ltr'><strong>variis</strong></span> <span class='ocrx_word' id='word_1_42' title='bbox 985 728 1013 781; x_wconf 92' lang='lat' dir='ltr'><strong>et</strong></span> <span class='ocrx_word' id='word_1_43' title='bbox 1034 720 1157 781; x_wconf 87' lang='lat' dir='ltr'><strong>dirersis</strong></span> <span class='ocrx_word' id='word_1_44' title='bbox 1179 722 1287 783; x_wconf 89' lang='lat' dir='ltr'><strong>studiis</strong></span> 
     </span>
     <span class='ocr_line' id='line_1_6' title="bbox 212 805 1286 885; baseline 0.003 -20"><span class='ocrx_word' id='word_1_45' title='bbox 212 815 242 866; x_wconf 89' lang='lat' dir='ltr'><strong>et</strong></span> <span class='ocrx_word' id='word_1_46' title='bbox 262 805 383 878; x_wconf 87' lang='lat' dir='ltr'><strong>artibus,</strong></span> <span class='ocrx_word' id='word_1_47' title='bbox 404 807 519 866; x_wconf 88' lang='lat' dir='ltr'><strong>tametsi</strong></span> <span class='ocrx_word' id='word_1_48' title='bbox 539 807 603 885; x_wconf 91' lang='lat' dir='ltr'><strong>ipse</strong></span> <span class='ocrx_word' id='word_1_49' title='bbox 625 824 657 867; x_wconf 90' lang='lat' dir='ltr'><strong>es</strong></span> <span class='ocrx_word' id='word_1_50' title='bbox 680 806 779 867; x_wconf 92' lang='lat' dir='ltr'><strong>omnia</strong></span> <span class='ocrx_word' id='word_1_51' title='bbox 800 813 989 880; x_wconf 67' lang='lat' dir='ltr'><strong>consecutus</strong></span> <span class='ocrx_word' id='word_1_52' title='bbox 1010 813 1109 868; x_wconf 88' lang='lat' dir='ltr'><strong>tamen</strong></span> <span class='ocrx_word' id='word_1_53' title='bbox 1131 805 1167 865; x_wconf 88' lang='lat' dir='ltr'><strong>ab</strong></span> <span class='ocrx_word' id='word_1_54' title='bbox 1183 817 1286 868; x_wconf 91' lang='lat' dir='ltr'><strong>orato·</strong></span> 
     </span>
     <span class='ocr_line' id='line_1_7' title="bbox 213 890 1171 970; baseline 0 -20"><span class='ocrx_word' id='word_1_55' title='bbox 213 890 253 950; x_wconf 88' lang='lat' dir='ltr'><strong>ris</strong></span> <span class='ocrx_word' id='word_1_56' title='bbox 274 891 396 970; x_wconf 92' lang='lat' dir='ltr'><strong>proprio</strong></span> <span class='ocrx_word' id='word_1_57' title='bbox 420 891 518 951; x_wconf 91' lang='lat' dir='ltr'><strong>officio</strong></span> <span class='ocrx_word' id='word_1_58' title='bbox 541 900 628 968; x_wconf 83' lang='lat' dir='ltr'><strong>atque</strong></span> <span class='ocrx_word' id='word_1_59' title='bbox 651 909 775 952; x_wconf 91' lang='lat' dir='ltr'><strong>munere</strong></span> <span class='ocrx_word' id='word_1_60' title='bbox 797 892 928 952; x_wconf 91' lang='lat' dir='ltr'><strong>seiuncta</strong></span> <span class='ocrx_word' id='word_1_61' title='bbox 950 909 1014 950; x_wconf 91' lang='lat' dir='ltr'><strong>esse</strong></span> <span class='ocrx_word' id='word_1_62' title='bbox 1036 891 1171 952; x_wconf 75' lang='lat' dir='ltr'><strong>arbitror.</strong></span> 
     </span>
     <span class='ocr_line' id='line_1_8' title="bbox 145 972 1287 1056; baseline 0.006 -24"><span class='ocrx_word' id='word_1_63' title='bbox 145 972 197 1035; x_wconf 75' lang='grc'><strong>62.</strong></span> <span class='ocrx_word' id='word_1_64' title='bbox 298 976 377 1036; x_wconf 87' lang='lat' dir='ltr'><strong>llaec</strong></span> <span class='ocrx_word' id='word_1_65' title='bbox 413 994 481 1035; x_wconf 93' lang='lat' dir='ltr'><strong>cum</strong></span> <span class='ocrx_word' id='word_1_66' title='bbox 508 976 655 1036; x_wconf 82' lang='lat' dir='ltr'><strong>Antonius</strong></span> <span class='ocrx_word' id='word_1_67' title='bbox 692 977 827 1056; x_wconf 80' lang='lat' dir='ltr'><strong>dixisset,</strong></span> <span class='ocrx_word' id='word_1_68' title='bbox 862 995 932 1036; x_wconf 90' lang='lat' dir='ltr'><strong>sane</strong></span> <span class='ocrx_word' id='word_1_69' title='bbox 962 975 1096 1036; x_wconf 91' lang='lat' dir='ltr'><strong>dubitare</strong></span> <span class='ocrx_word' id='word_1_70' title='bbox 1124 975 1207 1038; x_wconf 86' lang='lat' dir='ltr'><strong>visus</strong></span> <span class='ocrx_word' id='word_1_71' title='bbox 1241 988 1287 1039; x_wconf 88' lang='lat' dir='ltr'><strong>est</strong></span> 
     </span>
    </p>
   </div>
   <div class='ocr_carea' id='block_1_3' title="bbox 132 1059 1287 2594">
    <p class='ocr_par' dir='ltr' id='par_1_3' title="bbox 132 1059 1287 2594">
     <span class='ocr_line' id='line_1_9' title="bbox 212 1059 1287 1141; baseline 0.003 -20"><span class='ocrx_word' id='word_1_72' title='bbox 212 1061 358 1139; x_wconf 86' lang='lat' dir='ltr'><strong>Sulpicius</strong></span> <span class='ocrx_word' id='word_1_73' title='bbox 381 1069 409 1121; x_wconf 91' lang='lat' dir='ltr'><strong>et</strong></span> <span class='ocrx_word' id='word_1_74' title='bbox 426 1061 516 1133; x_wconf 81' lang='lat' dir='ltr'><strong>Cotta,</strong></span> <span class='ocrx_word' id='word_1_75' title='bbox 539 1059 633 1123; x_wconf 82' lang='lat' dir='ltr'><strong>utrius</strong></span> <span class='ocrx_word' id='word_1_76' title='bbox 656 1061 748 1122; x_wconf 90' lang='lat' dir='ltr'><strong>oratio</strong></span> <span class='ocrx_word' id='word_1_77' title='bbox 771 1062 894 1141; x_wconf 89' lang='lat' dir='ltr'><strong>propius</strong></span> <span class='ocrx_word' id='word_1_78' title='bbox 916 1061 952 1122; x_wconf 92' lang='lat' dir='ltr'><strong>ad</strong></span> <span class='ocrx_word' id='word_1_79' title='bbox 969 1061 1119 1122; x_wconf 87' lang='lat' dir='ltr'><strong>veritatem</strong></span> <span class='ocrx_word' id='word_1_80' title='bbox 1134 1061 1287 1124; x_wconf 83' lang='lat' dir='ltr'><strong>videretur</strong></span> 
     </span>
     <span class='ocr_line' id='line_1_10' title="bbox 135 1146 1286 1225; baseline 0.005 -23"><span class='ocrx_word' id='word_1_81' title='bbox 135 1152 194 1204; x_wconf 82' lang='lat'><strong>263.</strong></span> <span class='ocrx_word' id='word_1_82' title='bbox 212 1147 360 1206; x_wconf 91' lang='lat' dir='ltr'><strong>accedere.</strong></span> <span class='ocrx_word' id='word_1_83' title='bbox 404 1146 481 1208; x_wconf 80' lang='lat' dir='ltr'><strong>&#39;l&#39;um</strong></span> <span class='ocrx_word' id='word_1_84' title='bbox 505 1146 642 1206; x_wconf 84' lang='lat' dir='ltr'><strong>Crassus:</strong></span> <span class='ocrx_word' id='word_1_85' title='bbox 665 1147 841 1225; x_wconf 88' lang='lat' dir='ltr'><strong>Operarium</strong></span> <span class='ocrx_word' id='word_1_86' title='bbox 863 1147 950 1207; x_wconf 90' lang='lat' dir='ltr'><strong>nobis</strong></span> <span class='ocrx_word' id='word_1_87' title='bbox 969 1147 1134 1224; x_wconf 85' lang='lat' dir='ltr'><strong>quendam,</strong></span> <span class='ocrx_word' id='word_1_88' title='bbox 1164 1151 1286 1222; x_wconf 84' lang='lat' dir='ltr'><strong>Antoni,</strong></span> 
     </span>
     <span class='ocr_line' id='line_1_11' title="bbox 209 1231 1284 1309; baseline 0.003 -18"><span class='ocrx_word' id='word_1_89' title='bbox 209 1240 356 1292; x_wconf 91' lang='lat' dir='ltr'><strong>oratorem</strong></span> <span class='ocrx_word' id='word_1_90' title='bbox 385 1231 456 1290; x_wconf 91' lang='lat' dir='ltr'><strong>facis</strong></span> <span class='ocrx_word' id='word_1_91' title='bbox 485 1238 572 1309; x_wconf 89' lang='lat' dir='ltr'><strong>atque</strong></span> <span class='ocrx_word' id='word_1_92' title='bbox 602 1232 680 1293; x_wconf 93' lang='lat' dir='ltr'><strong>haud</strong></span> <span class='ocrx_word' id='word_1_93' title='bbox 703 1233 763 1292; x_wconf 91' lang='lat' dir='ltr'><strong>scio</strong></span> <span class='ocrx_word' id='word_1_94' title='bbox 786 1251 824 1292; x_wconf 93' lang='lat' dir='ltr'><strong>an</strong></span> <span class='ocrx_word' id='word_1_95' title='bbox 845 1233 927 1293; x_wconf 90' lang='lat' dir='ltr'><strong>aliter</strong></span> <span class='ocrx_word' id='word_1_96' title='bbox 947 1233 1053 1292; x_wconf 87' lang='lat' dir='ltr'><strong>sentias</strong></span> <span class='ocrx_word' id='word_1_97' title='bbox 1077 1241 1105 1292; x_wconf 89' lang='lat' dir='ltr'><strong>et</strong></span> <span class='ocrx_word' id='word_1_98' title='bbox 1126 1239 1209 1294; x_wconf 91' lang='lat' dir='ltr'><strong>utare</strong></span> <span class='ocrx_word' id='word_1_99' title='bbox 1233 1243 1284 1294; x_wconf 90' lang='lat' dir='ltr'><strong>tua</strong></span> 
     </span>
     <span class='ocr_line' id='line_1_12' title="bbox 206 1315 1283 1397; baseline 0.003 -21"><span class='ocrx_word' id='word_1_100' title='bbox 206 1317 253 1377; x_wconf 93' lang='lat' dir='ltr'><strong>illa</strong></span> <span class='ocrx_word' id='word_1_101' title='bbox 276 1316 397 1376; x_wconf 88' lang='lat' dir='ltr'><strong>mirifica</strong></span> <span class='ocrx_word' id='word_1_102' title='bbox 419 1315 455 1375; x_wconf 93' lang='lat' dir='ltr'><strong>ad</strong></span> <span class='ocrx_word' id='word_1_103' title='bbox 476 1317 669 1377; x_wconf 90' lang='lat' dir='ltr'><strong>refellendum</strong></span> <span class='ocrx_word' id='word_1_104' title='bbox 692 1319 921 1391; x_wconf 89' lang='lat' dir='ltr'><strong>consuetudine,</strong></span> <span class='ocrx_word' id='word_1_105' title='bbox 945 1336 1003 1397; x_wconf 87' lang='lat' dir='ltr'><strong>qua</strong></span> <span class='ocrx_word' id='word_1_106' title='bbox 1024 1316 1077 1378; x_wconf 90' lang='lat' dir='ltr'><strong>tihi</strong></span> <span class='ocrx_word' id='word_1_107' title='bbox 1098 1336 1188 1378; x_wconf 91' lang='lat' dir='ltr'><strong>nemo</strong></span> <span class='ocrx_word' id='word_1_108' title='bbox 1213 1337 1283 1379; x_wconf 91' lang='lat' dir='ltr'><strong>um·</strong></span> 
     </span>
     <span class='ocr_line' id='line_1_13' title="bbox 208 1401 1282 1481; baseline 0.006 -21"><span class='ocrx_word' id='word_1_109' title='bbox 208 1419 298 1478; x_wconf 88' lang='lat' dir='ltr'><strong>quam</strong></span> <span class='ocrx_word' id='word_1_110' title='bbox 319 1401 475 1480; x_wconf 84' lang='lat' dir='ltr'><strong>praestitit3</strong></span> <span class='ocrx_word' id='word_1_111' title='bbox 499 1402 582 1462; x_wconf 89' lang='lat' dir='ltr'><strong>cuius</strong></span> <span class='ocrx_word' id='word_1_112' title='bbox 605 1401 726 1480; x_wconf 91' lang='lat' dir='ltr'><strong>quidem</strong></span> <span class='ocrx_word' id='word_1_113' title='bbox 747 1403 840 1481; x_wconf 93' lang='lat' dir='ltr'><strong>ipsius</strong></span> <span class='ocrx_word' id='word_1_114' title='bbox 863 1403 1006 1464; x_wconf 79' lang='lat' dir='ltr'><strong>facultatis</strong></span> <span class='ocrx_word' id='word_1_115' title='bbox 1028 1402 1195 1464; x_wconf 89' lang='lat' dir='ltr'><strong>exercitatio</strong></span> <span class='ocrx_word' id='word_1_116' title='bbox 1213 1424 1282 1466; x_wconf 91' lang='lat' dir='ltr'><strong>ora-</strong></span> 
     </span>
     <span class='ocr_line' id='line_1_14' title="bbox 206 1484 1284 1567; baseline 0.005 -22"><span class='ocrx_word' id='word_1_117' title='bbox 206 1495 306 1546; x_wconf 90' lang='lat' dir='ltr'><strong>torum</strong></span> <span class='ocrx_word' id='word_1_118' title='bbox 336 1484 457 1565; x_wconf 92' lang='lat' dir='ltr'><strong>propria</strong></span> <span class='ocrx_word' id='word_1_119' title='bbox 487 1497 546 1560; x_wconf 90' lang='lat' dir='ltr'><strong>est,</strong></span> <span class='ocrx_word' id='word_1_120' title='bbox 575 1487 626 1548; x_wconf 91' lang='lat' dir='ltr'><strong>sed</strong></span> <span class='ocrx_word' id='word_1_121' title='bbox 655 1489 714 1548; x_wconf 92' lang='lat' dir='ltr'><strong>iam</strong></span> <span class='ocrx_word' id='word_1_122' title='bbox 742 1489 773 1549; x_wconf 93' lang='lat' dir='ltr'><strong>in</strong></span> <span class='ocrx_word' id='word_1_123' title='bbox 796 1488 1043 1567; x_wconf 88' lang='lat' dir='ltr'><strong>philosophorum</strong></span> <span class='ocrx_word' id='word_1_124' title='bbox 1066 1489 1284 1551; x_wconf 91' lang='lat' dir='ltr'><strong>consuetudine</strong></span> 
     </span>
     <span class='ocr_line' id='line_1_15' title="bbox 206 1572 1284 1653; baseline 0.006 -23"><span class='ocrx_word' id='word_1_125' title='bbox 206 1580 340 1631; x_wconf 85' lang='lat' dir='ltr'><strong>versatur</strong></span> <span class='ocrx_word' id='word_1_126' title='bbox 372 1572 557 1651; x_wconf 88' lang='lat' dir='ltr'><strong>maximeque</strong></span> <span class='ocrx_word' id='word_1_127' title='bbox 590 1591 711 1647; x_wconf 89' lang='lat' dir='ltr'><strong>eorum,</strong></span> <span class='ocrx_word' id='word_1_128' title='bbox 745 1573 796 1652; x_wconf 88' lang='lat' dir='ltr'><strong>qui</strong></span> <span class='ocrx_word' id='word_1_129' title='bbox 827 1574 863 1634; x_wconf 93' lang='lat' dir='ltr'><strong>de</strong></span> <span class='ocrx_word' id='word_1_130' title='bbox 895 1575 977 1634; x_wconf 89' lang='lat' dir='ltr'><strong>omni</strong></span> <span class='ocrx_word' id='word_1_131' title='bbox 1006 1592 1039 1634; x_wconf 93' lang='lat' dir='ltr'><strong>re</strong></span> <span class='ocrx_word' id='word_1_132' title='bbox 1067 1574 1220 1653; x_wconf 90' lang='lat' dir='ltr'><strong>proposita</strong></span> <span class='ocrx_word' id='word_1_133' title='bbox 1250 1575 1284 1636; x_wconf 90' lang='lat' dir='ltr'><strong>iu</strong></span> 
     </span>
     <span class='ocr_line' id='line_1_16' title="bbox 134 1659 1282 1738; baseline 0.007 -25"><span class='ocrx_word' id='word_1_134' title='bbox 134 1662 193 1716; x_wconf 80' lang='lat'>264.</span> <span class='ocrx_word' id='word_1_135' title='bbox 207 1665 363 1734; x_wconf 87' lang='lat' dir='ltr'><strong>utramque</strong></span> <span class='ocrx_word' id='word_1_136' title='bbox 384 1665 497 1736; x_wconf 88' lang='lat' dir='ltr'><strong>partem</strong></span> <span class='ocrx_word' id='word_1_137' title='bbox 520 1660 615 1720; x_wconf 86' lang='lat' dir='ltr'><strong>solent</strong></span> <span class='ocrx_word' id='word_1_138' title='bbox 637 1659 838 1737; x_wconf 86' lang='lat' dir='ltr'><strong>copiosissime</strong></span> <span class='ocrx_word' id='word_1_139' title='bbox 861 1659 966 1719; x_wconf 88' lang='lat' dir='ltr'><strong>dicere.</strong></span> <span class='ocrx_word' id='word_1_140' title='bbox 1005 1659 1116 1720; x_wconf 85' lang='lat' dir='ltr'><strong>Verum</strong></span> <span class='ocrx_word' id='word_1_141' title='bbox 1139 1677 1194 1738; x_wconf 82' lang='lat' dir='ltr'><strong>ego</strong></span> <span class='ocrx_word' id='word_1_142' title='bbox 1218 1679 1282 1721; x_wconf 90' lang='lat' dir='ltr'><strong>nou</strong></span> 
     </span>
     <span class='ocr_line' id='line_1_17' title="bbox 206 1741 1282 1824; baseline 0.005 -22"><span class='ocrx_word' id='word_1_143' title='bbox 206 1742 302 1802; x_wconf 88' lang='lat' dir='ltr'><strong>solum</strong></span> <span class='ocrx_word' id='word_1_144' title='bbox 324 1741 503 1818; x_wconf 89' lang='lat' dir='ltr'><strong>arbitrabar,</strong></span> <span class='ocrx_word' id='word_1_145' title='bbox 533 1744 577 1804; x_wconf 91' lang='lat' dir='ltr'><strong>bis</strong></span> <span class='ocrx_word' id='word_1_146' title='bbox 599 1745 772 1822; x_wconf 90' lang='lat' dir='ltr'><strong>praesertim</strong></span> <span class='ocrx_word' id='word_1_147' title='bbox 791 1744 976 1805; x_wconf 91' lang='lat' dir='ltr'><strong>audientibus</strong></span> <span class='ocrx_word' id='word_1_148' title='bbox 983 1790 992 1824; x_wconf 96' lang='lat'><strong>,</strong></span> <span class='ocrx_word' id='word_1_149' title='bbox 1015 1763 1032 1804; x_wconf 88' lang='lat' dir='ltr'><strong>a</strong></span> <span class='ocrx_word' id='word_1_150' title='bbox 1054 1762 1101 1804; x_wconf 91' lang='lat' dir='ltr'><strong>me</strong></span> <span class='ocrx_word' id='word_1_151' title='bbox 1122 1744 1282 1807; x_wconf 82' lang='lat' dir='ltr'><strong>informari</strong></span> 
     </span>
     <span class='ocr_line' id='line_1_18' title="bbox 207 1828 1280 1909; baseline 0.002 -20"><span class='ocrx_word' id='word_1_152' title='bbox 207 1836 344 1906; x_wconf 86' lang='lat' dir='ltr'><strong>oportere</strong></span> <span class='ocrx_word' id='word_1_153' title='bbox 374 1828 467 1908; x_wconf 86' lang='lat' dir='ltr'><strong>qualis</strong></span> <span class='ocrx_word' id='word_1_154' title='bbox 498 1849 563 1890; x_wconf 91' lang='lat' dir='ltr'><strong>esse</strong></span> <span class='ocrx_word' id='word_1_155' title='bbox 584 1840 686 1909; x_wconf 91' lang='lat' dir='ltr'><strong>posset</strong></span> <span class='ocrx_word' id='word_1_156' title='bbox 706 1831 741 1903; x_wconf 92' lang='lat' dir='ltr'><strong>is,</strong></span> <span class='ocrx_word' id='word_1_157' title='bbox 765 1831 815 1909; x_wconf 87' lang='lat' dir='ltr'><strong>qui</strong></span> <span class='ocrx_word' id='word_1_158' title='bbox 837 1829 979 1890; x_wconf 77' lang='lat' dir='ltr'><strong>habitaret</strong></span> <span class='ocrx_word' id='word_1_159' title='bbox 999 1829 1031 1888; x_wconf 88' lang='lat' dir='ltr'><strong>in</strong></span> <span class='ocrx_word' id='word_1_160' title='bbox 1054 1829 1200 1890; x_wconf 91' lang='lat' dir='ltr'><strong>subselliis</strong></span> <span class='ocrx_word' id='word_1_161' title='bbox 1223 1849 1280 1891; x_wconf 90' lang='lat' dir='ltr'><strong>ne-</strong></span> 
     </span>
     <span class='ocr_line' id='line_1_19' title="bbox 206 1914 1280 1994; baseline 0.004 -21"><span class='ocrx_word' id='word_1_162' title='bbox 206 1931 265 1990; x_wconf 91' lang='lat' dir='ltr'><strong>que</strong></span> <span class='ocrx_word' id='word_1_163' title='bbox 288 1914 447 1992; x_wconf 89' lang='lat' dir='ltr'><strong>quicquam</strong></span> <span class='ocrx_word' id='word_1_164' title='bbox 469 1916 594 1993; x_wconf 92' lang='lat' dir='ltr'><strong>amplius</strong></span> <span class='ocrx_word' id='word_1_165' title='bbox 617 1915 753 1990; x_wconf 83' lang='lat' dir='ltr'><strong>adferret,</strong></span> <span class='ocrx_word' id='word_1_166' title='bbox 778 1933 866 1993; x_wconf 91' lang='lat' dir='ltr'><strong>quam</strong></span> <span class='ocrx_word' id='word_1_167' title='bbox 890 1915 972 1994; x_wconf 87' lang='lat' dir='ltr'><strong>quod</strong></span> <span class='ocrx_word' id='word_1_168' title='bbox 994 1932 1150 1975; x_wconf 90' lang='lat' dir='ltr'><strong>causarum</strong></span> <span class='ocrx_word' id='word_1_169' title='bbox 1164 1934 1280 1977; x_wconf 87' lang='lat' dir='ltr'><strong>neces-</strong></span> 
     </span>
     <span class='ocr_line' id='line_1_20' title="bbox 202 1999 1281 2079; baseline 0.004 -21"><span class='ocrx_word' id='word_1_170' title='bbox 202 1999 273 2058; x_wconf 89' lang='lat' dir='ltr'><strong>sitas</strong></span> <span class='ocrx_word' id='word_1_171' title='bbox 295 1999 471 2078; x_wconf 74' lang='lat' dir='ltr'><strong>postularet,</strong></span> <span class='ocrx_word' id='word_1_172' title='bbox 505 2001 556 2060; x_wconf 91' lang='lat' dir='ltr'><strong>sed</strong></span> <span class='ocrx_word' id='word_1_173' title='bbox 578 2001 673 2061; x_wconf 90' lang='lat' dir='ltr'><strong>maius</strong></span> <span class='ocrx_word' id='word_1_174' title='bbox 696 2000 835 2079; x_wconf 87' lang='lat' dir='ltr'><strong>quiddam</strong></span> <span class='ocrx_word' id='word_1_175' title='bbox 857 2000 1006 2073; x_wconf 86' lang='lat' dir='ltr'><strong>videbam,</strong></span> <span class='ocrx_word' id='word_1_176' title='bbox 1029 2017 1097 2061; x_wconf 90' lang='lat' dir='ltr'><strong>cum</strong></span> <span class='ocrx_word' id='word_1_177' title='bbox 1120 2001 1281 2062; x_wconf 86' lang='lat' dir='ltr'><strong>censebam</strong></span> 
     </span>
     <span class='ocr_line' id='line_1_21' title="bbox 206 2085 1280 2164; baseline 0.004 -21"><span class='ocrx_word' id='word_1_178' title='bbox 206 2093 369 2158; x_wconf 88' lang='lat' dir='ltr'><strong>oratorem,</strong></span> <span class='ocrx_word' id='word_1_179' title='bbox 395 2085 568 2164; x_wconf 89' lang='lat' dir='ltr'><strong>praesertim</strong></span> <span class='ocrx_word' id='word_1_180' title='bbox 588 2085 619 2145; x_wconf 94' lang='lat' dir='ltr'><strong>in</strong></span> <span class='ocrx_word' id='word_1_181' title='bbox 642 2096 743 2146; x_wconf 91' lang='lat' dir='ltr'><strong>nostra</strong></span> <span class='ocrx_word' id='word_1_182' title='bbox 765 2105 797 2147; x_wconf 92' lang='lat' dir='ltr'><strong>re</strong></span> <span class='ocrx_word' id='word_1_183' title='bbox 819 2085 949 2164; x_wconf 90' lang='lat' dir='ltr'><strong>publica,</strong></span> <span class='ocrx_word' id='word_1_184' title='bbox 979 2085 1088 2145; x_wconf 88' lang='lat' dir='ltr'><strong>nullius</strong></span> <span class='ocrx_word' id='word_1_185' title='bbox 1111 2087 1280 2148; x_wconf 89' lang='lat' dir='ltr'><strong>ornamenti</strong></span> 
     </span>
     <span class='ocr_line' id='line_1_22' title="bbox 206 2170 1280 2250; baseline 0.004 -21"><span class='ocrx_word' id='word_1_186' title='bbox 206 2179 355 2248; x_wconf 88' lang='lat' dir='ltr'><strong>expertem</strong></span> <span class='ocrx_word' id='word_1_187' title='bbox 378 2188 442 2230; x_wconf 91' lang='lat' dir='ltr'><strong>esse</strong></span> <span class='ocrx_word' id='word_1_188' title='bbox 464 2177 610 2248; x_wconf 90' lang='lat' dir='ltr'><strong>oportere.</strong></span> <span class='ocrx_word' id='word_1_189' title='bbox 655 2171 701 2231; x_wconf 86' lang='lat' dir='ltr'><strong>Tu</strong></span> <span class='ocrx_word' id='word_1_190' title='bbox 723 2181 831 2244; x_wconf 90' lang='lat' dir='ltr'><strong>autem,</strong></span> <span class='ocrx_word' id='word_1_191' title='bbox 853 2171 994 2250; x_wconf 90' lang='lat' dir='ltr'><strong>quoniam</strong></span> <span class='ocrx_word' id='word_1_192' title='bbox 1017 2170 1128 2250; x_wconf 82' lang='lat' dir='ltr'><strong>exiguis</strong></span> <span class='ocrx_word' id='word_1_193' title='bbox 1152 2171 1280 2249; x_wconf 85' lang='lat' dir='ltr'><strong>quihus-</strong></span> 
     </span>
     <span class='ocr_line' id='line_1_23' title="bbox 206 2253 1282 2328; baseline 0.005 -15"><span class='ocrx_word' id='word_1_194' title='bbox 206 2254 273 2314; x_wconf 91' lang='lat' dir='ltr'><strong>dam</strong></span> <span class='ocrx_word' id='word_1_195' title='bbox 295 2253 404 2314; x_wconf 86' lang='lat' dir='ltr'><strong>tinibus</strong></span> <span class='ocrx_word' id='word_1_196' title='bbox 427 2263 521 2315; x_wconf 89' lang='lat' dir='ltr'><strong>totum</strong></span> <span class='ocrx_word' id='word_1_197' title='bbox 544 2256 669 2316; x_wconf 89' lang='lat' dir='ltr'><strong>oratoris</strong></span> <span class='ocrx_word' id='word_1_198' title='bbox 692 2274 802 2318; x_wconf 88' lang='lat' dir='ltr'><strong>munus</strong></span> <span class='ocrx_word' id='word_1_199' title='bbox 825 2255 1056 2328; x_wconf 87' lang='lat' dir='ltr'><strong>circumdedisti,</strong></span> <span class='ocrx_word' id='word_1_200' title='bbox 1086 2256 1144 2315; x_wconf 94' lang='lat' dir='ltr'><strong>hoc</strong></span> <span class='ocrx_word' id='word_1_201' title='bbox 1166 2257 1282 2318; x_wconf 90' lang='lat' dir='ltr'><strong>facilius</strong></span> 
     </span>
     <span class='ocr_line' id='line_1_24' title="bbox 207 2339 1281 2420; baseline 0.003 -21"><span class='ocrx_word' id='word_1_202' title='bbox 207 2339 294 2400; x_wconf 90' lang='lat' dir='ltr'><strong>nobis</strong></span> <span class='ocrx_word' id='word_1_203' title='bbox 324 2356 457 2417; x_wconf 83' lang='lat' dir='ltr'><strong>expones</strong></span> <span class='ocrx_word' id='word_1_204' title='bbox 480 2359 530 2420; x_wconf 86' lang='lat' dir='ltr'><strong>ea,</strong></span> <span class='ocrx_word' id='word_1_205' title='bbox 559 2357 633 2417; x_wconf 87' lang='lat' dir='ltr'><strong>quae</strong></span> <span class='ocrx_word' id='word_1_206' title='bbox 655 2341 706 2402; x_wconf 91' lang='lat' dir='ltr'><strong>abs</strong></span> <span class='ocrx_word' id='word_1_207' title='bbox 728 2349 756 2402; x_wconf 89' lang='lat' dir='ltr'><strong>te</strong></span> <span class='ocrx_word' id='word_1_208' title='bbox 779 2343 815 2402; x_wconf 93' lang='lat' dir='ltr'><strong>de</strong></span> <span class='ocrx_word' id='word_1_209' title='bbox 837 2342 942 2402; x_wconf 87' lang='lat' dir='ltr'><strong>officiis</strong></span> <span class='ocrx_word' id='word_1_210' title='bbox 964 2340 1187 2420; x_wconf 87' lang='lat' dir='ltr'><strong>praeceptisque</strong></span> <span class='ocrx_word' id='word_1_211' title='bbox 1210 2361 1281 2402; x_wconf 91' lang='lat' dir='ltr'><strong>ora-</strong></span> 
     </span>
     <span class='ocr_line' id='line_1_25' title="bbox 206 2425 1282 2504; baseline 0.005 -20"><span class='ocrx_word' id='word_1_212' title='bbox 206 2425 279 2484; x_wconf 91' lang='lat' dir='ltr'><strong>toris</strong></span> <span class='ocrx_word' id='word_1_213' title='bbox 310 2425 438 2501; x_wconf 90' lang='lat' dir='ltr'><strong>quaesita</strong></span> <span class='ocrx_word' id='word_1_214' title='bbox 468 2432 551 2498; x_wconf 84' lang='lat' dir='ltr'><strong>sunt3</strong></span> <span class='ocrx_word' id='word_1_215' title='bbox 582 2425 633 2486; x_wconf 93' lang='lat' dir='ltr'><strong>sed</strong></span> <span class='ocrx_word' id='word_1_216' title='bbox 657 2427 764 2504; x_wconf 92' lang='lat' dir='ltr'><strong>opinor</strong></span> <span class='ocrx_word' id='word_1_217' title='bbox 786 2427 950 2487; x_wconf 91' lang='lat' dir='ltr'><strong>secundnm</strong></span> <span class='ocrx_word' id='word_1_218' title='bbox 972 2427 1053 2486; x_wconf 89' lang='lat' dir='ltr'><strong>huno</strong></span> <span class='ocrx_word' id='word_1_219' title='bbox 1075 2425 1162 2486; x_wconf 84' lang='lat' dir='ltr'><strong>diem.</strong></span> <span class='ocrx_word' id='word_1_220' title='bbox 1207 2429 1282 2489; x_wconf 88' lang='lat' dir='ltr'><strong>Satis</strong></span> 
     </span>
     <span class='ocr_line' id='line_1_26' title="bbox 132 2507 1282 2594; baseline 0.007 -28"><span class='ocrx_word' id='word_1_221' title='bbox 132 2509 286 2568; x_wconf 80' lang='lat' dir='ltr'><strong>265.enim</strong></span> <span class='ocrx_word' id='word_1_222' title='bbox 320 2509 410 2569; x_wconf 91' lang='lat' dir='ltr'><strong>multa</strong></span> <span class='ocrx_word' id='word_1_223' title='bbox 442 2529 458 2570; x_wconf 90' lang='lat' dir='ltr'><strong>a</strong></span> <span class='ocrx_word' id='word_1_224' title='bbox 493 2510 580 2570; x_wconf 85' lang='lat' dir='ltr'><strong>nobis</strong></span> <span class='ocrx_word' id='word_1_225' title='bbox 611 2507 700 2573; x_wconf 87' lang='lat' dir='ltr'><strong>hodie</strong></span> <span class='ocrx_word' id='word_1_226' title='bbox 733 2511 808 2572; x_wconf 92' lang='lat' dir='ltr'><strong>dicta</strong></span> <span class='ocrx_word' id='word_1_227' title='bbox 839 2521 917 2573; x_wconf 89' lang='lat' dir='ltr'><strong>sunt.</strong></span> <span class='ocrx_word' id='word_1_228' title='bbox 961 2513 1047 2573; x_wconf 90' lang='lat' dir='ltr'><strong>Nunc</strong></span> <span class='ocrx_word' id='word_1_229' title='bbox 1076 2521 1104 2572; x_wconf 91' lang='lat' dir='ltr'><strong>et</strong></span> <span class='ocrx_word' id='word_1_230' title='bbox 1132 2513 1282 2594; x_wconf 89' lang='lat' dir='ltr'><strong>Scaevola,</strong></span> 
     </span>
    </p>
   </div>
   <div class='ocr_carea' id='block_1_4' title="bbox 203 2643 1282 4085">
    <p class='ocr_par' dir='ltr' id='par_1_4' title="bbox 277 2643 994 2711">
     <span class='ocr_line' id='line_1_27' title="bbox 277 2643 994 2711; baseline 0.007 -19"><span class='ocrx_word' id='word_1_231' title='bbox 277 2645 304 2692; x_wconf 76' lang='lat' dir='ltr'><strong>tn</strong></span> <span class='ocrx_word' id='word_1_232' title='bbox 324 2647 380 2704; x_wconf 82' lang='lat' dir='ltr'><strong>loco,</strong></span> <span class='ocrx_word' id='word_1_233' title='bbox 399 2643 423 2692; x_wconf 90' lang='lat' dir='ltr'><strong>d.</strong></span> <span class='ocrx_word' id='word_1_234' title='bbox 440 2645 465 2694; x_wconf 85' lang='lat' dir='ltr'><strong>h.</strong></span> <span class='ocrx_word' id='word_1_235' title='bbox 484 2660 516 2694; x_wconf 87' lang='lat' dir='ltr'><strong>an</strong></span> <span class='ocrx_word' id='word_1_236' title='bbox 537 2645 658 2696; x_wconf 88' lang='lat' dir='ltr'><strong>walchem</strong></span> <span class='ocrx_word' id='word_1_237' title='bbox 678 2660 707 2695; x_wconf 85' lang='lat' dir='ltr'><strong>er</strong></span> <span class='ocrx_word' id='word_1_238' title='bbox 727 2645 780 2695; x_wconf 87' lang='lat' dir='ltr'><strong>sich</strong></span> <span class='ocrx_word' id='word_1_239' title='bbox 798 2647 875 2711; x_wconf 80' lang='lat' dir='ltr'><strong>grado</strong></span> <span class='ocrx_word' id='word_1_240' title='bbox 894 2643 994 2698; x_wconf 71' lang='lat' dir='ltr'><strong>boland⁴</strong></span> 
     </span>
    </p>

    <p class='ocr_par' dir='ltr' id='par_1_5' title="bbox 274 2710 971 2778">
     <span class='ocr_line' id='line_1_28' title="bbox 274 2710 971 2778; baseline 0.003 -17"><span class='ocrx_word' id='word_1_241' title='bbox 274 2727 388 2762; x_wconf 65' lang='lat' dir='ltr'><strong>moneo:</strong></span> <span class='ocrx_word' id='word_1_242' title='bbox 405 2710 523 2776; x_wconf 81' lang='lat' dir='ltr'><strong>Anbdhe;</strong></span> <span class='ocrx_word' id='word_1_243' title='bbox 544 2729 570 2764; x_wconf 89' lang='lat' dir='ltr'><strong>es</strong></span> <span class='ocrx_word' id='word_1_244' title='bbox 588 2714 623 2764; x_wconf 87' lang='lat' dir='ltr'><strong>ist</strong></span> <span class='ocrx_word' id='word_1_245' title='bbox 640 2715 683 2764; x_wconf 84' lang='lat' dir='ltr'><strong>der</strong></span> <span class='ocrx_word' id='word_1_246' title='bbox 701 2713 757 2764; x_wconf 80' lang='lat' dir='ltr'><strong>Abl.</strong></span> <span class='ocrx_word' id='word_1_247' title='bbox 777 2715 821 2765; x_wconf 88' lang='lat' dir='ltr'><strong>der</strong></span> <span class='ocrx_word' id='word_1_248' title='bbox 838 2715 971 2778; x_wconf 83' lang='lat' dir='ltr'><strong>Richtung.</strong></span> 
     </span>
    </p>

    <p class='ocr_par' dir='ltr' id='par_1_6' title="bbox 206 2773 1281 2915">
     <span class='ocr_line' id='line_1_29' title="bbox 276 2773 1281 2850; baseline -0.002 -14"><span class='ocrx_word' id='word_1_249' title='bbox 276 2773 329 2836; x_wconf 75' lang='lat'><strong>62·</strong></span> <span class='ocrx_word' id='word_1_250' title='bbox 349 2782 408 2833; x_wconf 88' lang='grc'>263.</span> <span class='ocrx_word' id='word_1_251' title='bbox 445 2787 596 2850; x_wconf 75' lang='lat' dir='ltr'><strong>operarium,</strong></span> <span class='ocrx_word' id='word_1_252' title='bbox 620 2781 666 2832; x_wconf 88' lang='lat' dir='ltr'><strong>mit</strong></span> <span class='ocrx_word' id='word_1_253' title='bbox 682 2783 764 2849; x_wconf 77' lang='lat' dir='ltr'><strong>hezng</strong></span> <span class='ocrx_word' id='word_1_254' title='bbox 783 2783 829 2834; x_wconf 83' lang='lat' dir='ltr'><strong>auf</strong></span> <span class='ocrx_word' id='word_1_255' title='bbox 844 2786 865 2847; x_wconf 65' lang='grc' dir='ltr'><strong>ξ.</strong></span> <span class='ocrx_word' id='word_1_256' title='bbox 884 2786 948 2836; x_wconf 81' lang='grc' dir='ltr'><strong>26οε</strong></span> <span class='ocrx_word' id='word_1_257' title='bbox 972 2787 1000 2833; x_wconf 80' lang='lat' dir='ltr'><strong>io</strong></span> <span class='ocrx_word' id='word_1_258' title='bbox 1022 2787 1066 2834; x_wconf 81' lang='lat' dir='ltr'><strong>boe</strong></span> <span class='ocrx_word' id='word_1_259' title='bbox 1090 2801 1139 2834; x_wconf 77' lang='lat' dir='ltr'><strong>uno</strong></span> <span class='ocrx_word' id='word_1_260' title='bbox 1159 2801 1229 2848; x_wconf 75' lang='lat' dir='ltr'><strong>opere</strong></span> <span class='ocrx_word' id='word_1_261' title='bbox 1246 2813 1281 2823; x_wconf 97' lang='lat'>—</span> 
     </span>
     <span class='ocr_line' id='line_1_30' title="bbox 206 2849 525 2915; baseline 0.006 -15"><span class='ocrx_word' id='word_1_262' title='bbox 206 2859 333 2914; x_wconf 60' lang='lat' dir='ltr'><strong>drocarum</strong></span> <span class='ocrx_word' id='word_1_263' title='bbox 351 2849 403 2914; x_wconf 82' lang='lat' dir='ltr'><strong>vgl.</strong></span> <span class='ocrx_word' id='word_1_264' title='bbox 425 2854 463 2915; x_wconf 81' lang='lat' dir='ltr'><strong>tr,</strong></span> <span class='ocrx_word' id='word_1_265' title='bbox 485 2854 525 2904; x_wconf 87' lang='lat'><strong>83.</strong></span> 
     </span>
    </p>

    <p class='ocr_par' dir='ltr' id='par_1_7' title="bbox 240 2919 1282 3036">
     <span class='ocr_line' id='line_1_31' title="bbox 240 2919 1282 3036; baseline 0.005 -67"><span class='ocrx_word' id='word_1_266' title='bbox 240 2922 309 3036; x_wconf 71' lang='lat' dir='ltr'><strong>dod</strong></span> <span class='ocrx_word' id='word_1_267' title='bbox 329 2921 499 2984; x_wconf 54' lang='lat' dir='ltr'><strong>refellendum,</strong></span> <span class='ocrx_word' id='word_1_268' title='bbox 522 2937 571 2970; x_wconf 90' lang='lat' dir='ltr'><strong>von</strong></span> <span class='ocrx_word' id='word_1_269' title='bbox 596 2923 699 2985; x_wconf 71' lang='lat' dir='ltr'><strong>mirifica</strong></span> <span class='ocrx_word' id='word_1_270' title='bbox 723 2919 850 2984; x_wconf 81' lang='lat' dir='ltr'><strong>abhiingig</strong></span> <span class='ocrx_word' id='word_1_271' title='bbox 874 2921 1002 2984; x_wconf 67' lang='lat' dir='ltr'><strong>genmcht,</strong></span> <span class='ocrx_word' id='word_1_272' title='bbox 1027 2937 1048 2973; x_wconf 84' lang='lat' dir='ltr'><strong>s.</strong></span> <span class='ocrx_word' id='word_1_273' title='bbox 1067 2936 1089 2970; x_wconf 86' lang='lat' dir='ltr'><strong>z.</strong></span> <span class='ocrx_word' id='word_1_274' title='bbox 1108 2924 1132 2985; x_wconf 80' lang='grc'><strong>4,</strong></span> <span class='ocrx_word' id='word_1_275' title='bbox 1154 2924 1199 2974; x_wconf 85' lang='lat'><strong>15:</strong></span> <span class='ocrx_word' id='word_1_276' title='bbox 1226 2939 1282 2986; x_wconf 71' lang='lat' dir='ltr'><strong>opes</strong></span> 
     </span>
    </p>

    <p class='ocr_par' dir='ltr' id='par_1_8' title="bbox 205 2989 596 3052">
     <span class='ocr_line' id='line_1_32' title="bbox 205 2989 596 3052; baseline 0.005 -14"><span class='ocrx_word' id='word_1_277' title='bbox 205 3001 238 3034; x_wconf 87' lang='lat' dir='ltr'><strong>un</strong></span> <span class='ocrx_word' id='word_1_278' title='bbox 274 2989 315 3052; x_wconf 84' lang='grc'><strong>28,</strong></span> <span class='ocrx_word' id='word_1_279' title='bbox 335 2990 392 3040; x_wconf 87' lang='grc'>129.</span> <span class='ocrx_word' id='word_1_280' title='bbox 589 3029 596 3051; x_wconf 87' lang='lat'><strong>,</strong></span> 
     </span>
    </p>

    <p class='ocr_par' dir='ltr' id='par_1_9' title="bbox 205 3055 1280 3327">
     <span class='ocr_line' id='line_1_33' title="bbox 276 3055 1280 3120; baseline 0.005 -14"><span class='ocrx_word' id='word_1_281' title='bbox 276 3060 324 3107; x_wconf 73' lang='lat' dir='ltr'><strong>iam</strong></span> <span class='ocrx_word' id='word_1_282' title='bbox 349 3060 376 3106; x_wconf 81' lang='lat' dir='ltr'><strong>in</strong></span> <span class='ocrx_word' id='word_1_283' title='bbox 388 3059 586 3119; x_wconf 72' lang='lat' dir='ltr'><strong>pbilosophorum</strong></span> <span class='ocrx_word' id='word_1_284' title='bbox 609 3061 791 3120; x_wconf 74' lang='lat' dir='ltr'><strong>consuetudine,</strong></span> <span class='ocrx_word' id='word_1_285' title='bbox 818 3059 881 3106; x_wconf 87' lang='lat' dir='ltr'><strong>noch</strong></span> <span class='ocrx_word' id='word_1_286' title='bbox 905 3057 950 3107; x_wconf 88' lang='lat' dir='ltr'><strong>der</strong></span> <span class='ocrx_word' id='word_1_287' title='bbox 965 3073 1014 3106; x_wconf 86' lang='lat' dir='ltr'><strong>von</strong></span> <span class='ocrx_word' id='word_1_288' title='bbox 1033 3055 1138 3108; x_wconf 86' lang='lat' dir='ltr'><strong>Crassus</strong></span> <span class='ocrx_word' id='word_1_289' title='bbox 1155 3060 1219 3109; x_wconf 84' lang='lat' dir='ltr'><strong>auch</strong></span> <span class='ocrx_word' id='word_1_290' title='bbox 1237 3057 1280 3111; x_wconf 91' lang='lat' dir='ltr'><strong>lll.</strong></span> 
     </span>
     <span class='ocr_line' id='line_1_34' title="bbox 210 3124 1279 3193; baseline 0.003 -18"><span class='ocrx_word' id='word_1_291' title='bbox 210 3125 252 3189; x_wconf 85' lang='lat'><strong>15,</strong></span> <span class='ocrx_word' id='word_1_292' title='bbox 271 3127 302 3177; x_wconf 77' lang='lat'><strong>57</strong></span> <span class='ocrx_word' id='word_1_293' title='bbox 323 3125 348 3177; x_wconf 85' lang='lat' dir='ltr'><strong>ff.</strong></span> <span class='ocrx_word' id='word_1_294' title='bbox 367 3124 529 3188; x_wconf 73' lang='lat' dir='ltr'><strong>getiusscrten</strong></span> <span class='ocrx_word' id='word_1_295' title='bbox 551 3126 728 3190; x_wconf 80' lang='lat' dir='ltr'><strong>Vorstcllung,</strong></span> <span class='ocrx_word' id='word_1_296' title='bbox 755 3126 812 3176; x_wconf 86' lang='lat' dir='ltr'><strong>dass</strong></span> <span class='ocrx_word' id='word_1_297' title='bbox 839 3125 877 3176; x_wconf 88' lang='lat' dir='ltr'><strong>die</strong></span> <span class='ocrx_word' id='word_1_298' title='bbox 895 3124 1083 3176; x_wconf 80' lang='lat' dir='ltr'><strong>Bercdsamkeit</strong></span> <span class='ocrx_word' id='word_1_299' title='bbox 1101 3127 1279 3193; x_wconf 83' lang='lat' dir='ltr'><strong>urspriinglich</strong></span> 
     </span>
     <span class='ocr_line' id='line_1_35' title="bbox 205 3191 1279 3259; baseline 0.006 -17"><span class='ocrx_word' id='word_1_300' title='bbox 205 3191 257 3242; x_wconf 89' lang='lat' dir='ltr'><strong>alle</strong></span> <span class='ocrx_word' id='word_1_301' title='bbox 277 3192 493 3244; x_wconf 83' lang='lat' dir='ltr'><strong>wissenschaften</strong></span> <span class='ocrx_word' id='word_1_302' title='bbox 517 3193 623 3246; x_wconf 85' lang='lat' dir='ltr'><strong>umfasst</strong></span> <span class='ocrx_word' id='word_1_303' title='bbox 645 3196 711 3245; x_wconf 86' lang='lat' dir='ltr'><strong>habe</strong></span> <span class='ocrx_word' id='word_1_304' title='bbox 734 3196 784 3245; x_wconf 88' lang='lat' dir='ltr'><strong>und</strong></span> <span class='ocrx_word' id='word_1_305' title='bbox 809 3195 848 3245; x_wconf 90' lang='lat' dir='ltr'><strong>die</strong></span> <span class='ocrx_word' id='word_1_306' title='bbox 867 3193 1155 3259; x_wconf 77' lang='lat' dir='ltr'><strong>Trennung‘dorsclben</strong></span> <span class='ocrx_word' id='word_1_307' title='bbox 1178 3204 1233 3247; x_wconf 88' lang='lat' dir='ltr'><strong>erst</strong></span> <span class='ocrx_word' id='word_1_308' title='bbox 1252 3197 1279 3248; x_wconf 87' lang='lat' dir='ltr'><strong>in</strong></span> 
     </span>
     <span class='ocr_line' id='line_1_36' title="bbox 205 3258 1082 3327; baseline 0.005 -17"><span class='ocrx_word' id='word_1_309' title='bbox 205 3258 333 3312; x_wconf 84' lang='lat' dir='ltr'><strong>Sokrates&#39;</strong></span> <span class='ocrx_word' id='word_1_310' title='bbox 354 3261 426 3312; x_wconf 81' lang='lat' dir='ltr'><strong>Geist</strong></span> <span class='ocrx_word' id='word_1_311' title='bbox 446 3263 555 3312; x_wconf 79' lang='lat' dir='ltr'><strong>bewirlrt</strong></span> <span class='ocrx_word' id='word_1_312' title='bbox 572 3264 674 3313; x_wconf 86' lang='lat' dir='ltr'><strong>worden</strong></span> <span class='ocrx_word' id='word_1_313' title='bbox 691 3263 743 3327; x_wconf 71' lang='lat' dir='ltr'><strong>sci,</strong></span> <span class='ocrx_word' id='word_1_314' title='bbox 761 3263 813 3327; x_wconf 76' lang='lat' dir='ltr'><strong>vgl.</strong></span> <span class='ocrx_word' id='word_1_315' title='bbox 830 3265 894 3314; x_wconf 85' lang='lat' dir='ltr'><strong>auch</strong></span> <span class='ocrx_word' id='word_1_316' title='bbox 914 3264 976 3313; x_wconf 87' lang='lat' dir='ltr'><strong>oben</strong></span> <span class='ocrx_word' id='word_1_317' title='bbox 996 3265 1020 3326; x_wconf 89' lang='grc'><strong>6,</strong></span> <span class='ocrx_word' id='word_1_318' title='bbox 1042 3265 1082 3316; x_wconf 84' lang='grc'><strong>22.</strong></span> 
     </span>
    </p>

    <p class='ocr_par' dir='ltr' id='par_1_10' title="bbox 206 3332 1278 3522">
     <span class='ocr_line' id='line_1_37' title="bbox 275 3332 1154 3399; baseline 0.005 -17"><span class='ocrx_word' id='word_1_319' title='bbox 275 3335 422 3395; x_wconf 66' lang='lat' dir='ltr'><strong>meximeque</strong></span> <span class='ocrx_word' id='word_1_320' title='bbox 439 3348 536 3383; x_wconf 72' lang='lat' dir='ltr'><strong>corma:</strong></span> <span class='ocrx_word' id='word_1_321' title='bbox 556 3332 601 3383; x_wconf 89' lang='lat' dir='ltr'><strong>der</strong></span> <span class='ocrx_word' id='word_1_322' title='bbox 619 3332 796 3399; x_wconf 78' lang='lat' dir='ltr'><strong>Akcdemiker,</strong></span> <span class='ocrx_word' id='word_1_323' title='bbox 813 3348 835 3386; x_wconf 87' lang='lat' dir='ltr'><strong>s.</strong></span> <span class='ocrx_word' id='word_1_324' title='bbox 853 3349 875 3382; x_wconf 88' lang='lat' dir='ltr'><strong>z.</strong></span> <span class='ocrx_word' id='word_1_325' title='bbox 899 3334 938 3394; x_wconf 82' lang='lat'><strong>18,</strong></span> <span class='ocrx_word' id='word_1_326' title='bbox 958 3334 1004 3384; x_wconf 82' lang='lat'><strong>84:</strong></span> <span class='ocrx_word' id='word_1_327' title='bbox 1022 3336 1154 3387; x_wconf 70' lang='lat' dir='ltr'><strong>advorsari.</strong></span> 
     </span>
     <span class='ocr_line' id='line_1_38' title="bbox 225 3401 1278 3468; baseline 0.004 -15"><span class='ocrx_word' id='word_1_328' title='bbox 225 3449 228 3454; x_wconf 81' lang='grc'>,</span> <span class='ocrx_word' id='word_1_329' title='bbox 275 3401 332 3453; x_wconf 82' lang='grc'>264.</span> <span class='ocrx_word' id='word_1_330' title='bbox 368 3402 485 3452; x_wconf 77' lang='lat' dir='ltr'><strong>babitaret</strong></span> <span class='ocrx_word' id='word_1_331' title='bbox 508 3404 535 3451; x_wconf 76' lang='lat' dir='ltr'><strong>in</strong></span> <span class='ocrx_word' id='word_1_332' title='bbox 557 3405 686 3464; x_wconf 71' lang='lat' dir='ltr'><strong>ucbeellr&#39;ir,</strong></span> <span class='ocrx_word' id='word_1_333' title='bbox 711 3401 763 3466; x_wconf 80' lang='lat' dir='ltr'><strong>vgl.</strong></span> <span class='ocrx_word' id='word_1_334' title='bbox 782 3417 802 3453; x_wconf 85' lang='lat' dir='ltr'><strong>z.</strong></span> <span class='ocrx_word' id='word_1_335' title='bbox 823 3403 870 3466; x_wconf 82' lang='lat'><strong>38,</strong></span> <span class='ocrx_word' id='word_1_336' title='bbox 897 3403 958 3454; x_wconf 77' lang='lat'><strong>173:</strong></span> <span class='ocrx_word' id='word_1_337' title='bbox 988 3405 1098 3468; x_wconf 78' lang='lat' dir='ltr'><strong>haerere,</strong></span> <span class='ocrx_word' id='word_1_338' title='bbox 1117 3402 1167 3452; x_wconf 87' lang='lat' dir='ltr'><strong>und</strong></span> <span class='ocrx_word' id='word_1_339' title='bbox 1185 3401 1216 3456; x_wconf 91' lang='lat' dir='ltr'><strong>ll.</strong></span> <span class='ocrx_word' id='word_1_340' title='bbox 1235 3405 1278 3468; x_wconf 79' lang='lat'><strong>38,</strong></span> 
     </span>
     <span class='ocr_line' id='line_1_39' title="bbox 206 3469 974 3522; baseline -0.003 0"><span class='ocrx_word' id='word_1_341' title='bbox 206 3469 271 3522; x_wconf 81' lang='lat'><strong>160:</strong></span> <span class='ocrx_word' id='word_1_342' title='bbox 289 3473 329 3520; x_wconf 74' lang='lat' dir='ltr'><strong>t&#39;lle&#39;</strong></span> <span class='ocrx_word' id='word_1_343' title='bbox 344 3495 377 3506; x_wconf 92' lang='lat'><strong>·-·</strong></span> <span class='ocrx_word' id='word_1_344' title='bbox 394 3472 535 3520; x_wconf 73' lang='lat' dir='ltr'><strong>hebetabant</strong></span> <span class='ocrx_word' id='word_1_345' title='bbox 551 3473 579 3519; x_wconf 75' lang='lat' dir='ltr'><strong>in</strong></span> <span class='ocrx_word' id='word_1_346' title='bbox 596 3473 640 3520; x_wconf 79' lang='lat' dir='ltr'><strong>bac</strong></span> <span class='ocrx_word' id='word_1_347' title='bbox 658 3487 709 3520; x_wconf 80' lang='lat' dir='ltr'><strong>unc</strong></span> <span class='ocrx_word' id='word_1_348' title='bbox 729 3475 822 3522; x_wconf 77' lang='lat' dir='ltr'><strong>ratione</strong></span> <span class='ocrx_word' id='word_1_349' title='bbox 840 3473 974 3522; x_wconf 51' lang='lat' dir='ltr'><strong>amanda,</strong></span> 
     </span>
    </p>

    <p class='ocr_par' dir='ltr' id='par_1_11' title="bbox 272 3538 828 3604">
     <span class='ocr_line' id='line_1_40' title="bbox 272 3538 828 3604; baseline 0.004 -15"><span class='ocrx_word' id='word_1_350' title='bbox 272 3541 379 3589; x_wconf 65' lang='lat' dir='ltr'><strong>cedebam</strong></span> <span class='ocrx_word' id='word_1_351' title='bbox 395 3560 431 3579; x_wconf 93' lang='lat'>=</span> <span class='ocrx_word' id='word_1_352' title='bbox 449 3542 594 3602; x_wconf 68' lang='lat' dir='ltr'><strong>spectabere:</strong></span> <span class='ocrx_word' id='word_1_353' title='bbox 612 3539 683 3589; x_wconf 88' lang='lat' dir='ltr'><strong>hatte</strong></span> <span class='ocrx_word' id='word_1_354' title='bbox 700 3539 733 3589; x_wconf 90' lang='lat' dir='ltr'><strong>im</strong></span> <span class='ocrx_word' id='word_1_355' title='bbox 750 3538 828 3604; x_wconf 76' lang='lat' dir='ltr'><strong>Auge.</strong></span> 
     </span>
    </p>

    <p class='ocr_par' dir='ltr' id='par_1_12' title="bbox 204 3605 1278 3741">
     <span class='ocr_line' id='line_1_41' title="bbox 273 3605 1278 3672; baseline 0.005 -16"><span class='ocrx_word' id='word_1_356' title='bbox 273 3610 459 3670; x_wconf 72' lang='lat' dir='ltr'><strong>circumdedisti,</strong></span> <span class='ocrx_word' id='word_1_357' title='bbox 477 3605 561 3657; x_wconf 80' lang='lat' dir='ltr'><strong>wofur</strong></span> <span class='ocrx_word' id='word_1_358' title='bbox 581 3608 644 3658; x_wconf 86' lang='lat' dir='ltr'><strong>auch</strong></span> <span class='ocrx_word' id='word_1_359' title='bbox 663 3612 873 3671; x_wconf 69' lang='lat' dir='ltr'><strong>otrmmeorepautt</strong></span> <span class='ocrx_word' id='word_1_360' title='bbox 889 3613 978 3672; x_wconf 71' lang='lat' dir='ltr'><strong>gosagt</strong></span> <span class='ocrx_word' id='word_1_361' title='bbox 994 3607 1072 3670; x_wconf 84' lang='lat' dir='ltr'><strong>wird,</strong></span> <span class='ocrx_word' id='word_1_362' title='bbox 1091 3606 1144 3672; x_wconf 80' lang='lat' dir='ltr'><strong>vgl.</strong></span> <span class='ocrx_word' id='word_1_363' title='bbox 1165 3609 1207 3671; x_wconf 83' lang='lat' dir='ltr'><strong>lb,</strong></span> <span class='ocrx_word' id='word_1_364' title='bbox 1229 3611 1278 3664; x_wconf 78' lang='lat' dir='ltr'><strong>to:</strong></span> 
     </span>
     <span class='ocr_line' id='line_1_42' title="bbox 204 3678 1243 3741; baseline 0 -15"><span class='ocrx_word' id='word_1_365' title='bbox 204 3678 279 3726; x_wconf 75' lang='lat' dir='ltr'><strong>oudo</strong></span> <span class='ocrx_word' id='word_1_366' title='bbox 296 3686 324 3727; x_wconf 80' lang='lat' dir='ltr'><strong>ut</strong></span> <span class='ocrx_word' id='word_1_367' title='bbox 341 3680 451 3728; x_wconf 60' lang='lat' dir='ltr'><strong>taminia</strong></span> <span class='ocrx_word' id='word_1_368' title='bbox 469 3680 647 3728; x_wconf 70' lang='lat' dir='ltr'><strong>commaculat</strong></span> <span class='ocrx_word' id='word_1_369' title='bbox 663 3687 705 3728; x_wconf 79' lang='lat' dir='ltr'><strong>aut</strong></span> <span class='ocrx_word' id='word_1_370' title='bbox 724 3681 824 3741; x_wconf 68' lang='lat' dir='ltr'><strong>destoiat</strong></span> <span class='ocrx_word' id='word_1_371' title='bbox 842 3681 881 3728; x_wconf 78' lang='lat' dir='ltr'><strong>ior</strong></span> <span class='ocrx_word' id='word_1_372' title='bbox 899 3693 977 3727; x_wconf 76' lang='lat' dir='ltr'><strong>auum.</strong></span> <span class='ocrx_word' id='word_1_373' title='bbox 1240 3683 1243 3690; x_wconf 93' lang='lat'>&#39;</span> 
     </span>
    </p>

    <p class='ocr_par' dir='ltr' id='par_1_13' title="bbox 203 3744 1280 4085">
     <span class='ocr_line' id='line_1_43' title="bbox 268 3744 1277 3812; baseline 0 -15"><span class='ocrx_word' id='word_1_374' title='bbox 268 3749 447 3810; x_wconf 66' lang='lat' dir='ltr'><strong>praeceptoque</strong></span> <span class='ocrx_word' id='word_1_375' title='bbox 463 3750 580 3812; x_wconf 59' lang='lat' dir='ltr'><strong>macone,</strong></span> <span class='ocrx_word' id='word_1_376' title='bbox 604 3746 656 3810; x_wconf 79' lang='lat' dir='ltr'><strong>vgl.</strong></span> <span class='ocrx_word' id='word_1_377' title='bbox 674 3744 752 3796; x_wconf 78' lang='lat' dir='ltr'><strong>head.</strong></span> <span class='ocrx_word' id='word_1_378' title='bbox 770 3746 789 3797; x_wconf 93' lang='lat' dir='ltr'><strong>l.</strong></span> <span class='ocrx_word' id='word_1_379' title='bbox 809 3747 833 3809; x_wconf 80' lang='grc'><strong>2,</strong></span> <span class='ocrx_word' id='word_1_380' title='bbox 853 3749 880 3798; x_wconf 82' lang='lat'><strong>5:</strong></span> <span class='ocrx_word' id='word_1_381' title='bbox 905 3762 950 3795; x_wconf 82' lang='lat' dir='ltr'><strong>noe</strong></span> <span class='ocrx_word' id='word_1_382' title='bbox 974 3755 1051 3797; x_wconf 69' lang='lat' dir='ltr'><strong>aman</strong></span> <span class='ocrx_word' id='word_1_383' title='bbox 1070 3749 1204 3808; x_wconf 72' lang='lat' dir='ltr'><strong>praeceptis</strong></span> <span class='ocrx_word' id='word_1_384' title='bbox 1223 3749 1277 3797; x_wconf 77' lang='lat' dir='ltr'><strong>deii·</strong></span> 
     </span>
     <span class='ocr_line' id='line_1_44' title="bbox 203 3812 1278 3880; baseline 0.005 -20"><span class='ocrx_word' id='word_1_385' title='bbox 203 3813 338 3864; x_wconf 66' lang='lat' dir='ltr'><strong>eduorum</strong></span> <span class='ocrx_word' id='word_1_386' title='bbox 360 3824 382 3865; x_wconf 78' lang='lat' dir='ltr'><strong>ct</strong></span> <span class='ocrx_word' id='word_1_387' title='bbox 406 3824 529 3866; x_wconf 83' lang='lat' dir='ltr'><strong>oratorum</strong></span> <span class='ocrx_word' id='word_1_388' title='bbox 552 3812 602 3878; x_wconf 80' lang='lat' dir='ltr'><strong>(fiir</strong></span> <span class='ocrx_word' id='word_1_389' title='bbox 628 3814 668 3865; x_wconf 88' lang='lat' dir='ltr'><strong>dio</strong></span> <span class='ocrx_word' id='word_1_390' title='bbox 686 3813 843 3864; x_wconf 82' lang='lat' dir='ltr'><strong>Dialektiker</strong></span> <span class='ocrx_word' id='word_1_391' title='bbox 859 3815 909 3864; x_wconf 89' lang='lat' dir='ltr'><strong>und</strong></span> <span class='ocrx_word' id='word_1_392' title='bbox 929 3813 1035 3880; x_wconf 80' lang='lat' dir='ltr'><strong>llodner)</strong></span> <span class='ocrx_word' id='word_1_393' title='bbox 1053 3817 1137 3876; x_wconf 59' lang='lat' dir='ltr'><strong>aum,</strong></span> <span class='ocrx_word' id='word_1_394' title='bbox 1161 3819 1278 3878; x_wconf 71' lang='lat' dir='ltr'><strong>qouniam</strong></span> 
     </span>
     <span class='ocr_line' id='line_1_45' title="bbox 206 3885 1280 3948; baseline 0.007 -18"><span class='ocrx_word' id='word_1_395' title='bbox 206 3887 333 3944; x_wconf 78' lang='lat' dir='ltr'><strong>utramque</strong></span> <span class='ocrx_word' id='word_1_396' title='bbox 354 3888 402 3934; x_wconf 77' lang='lat' dir='ltr'><strong>olm</strong></span> <span class='ocrx_word' id='word_1_397' title='bbox 426 3900 501 3935; x_wconf 73' lang='lat' dir='ltr'><strong>cnoro</strong></span> <span class='ocrx_word' id='word_1_398' title='bbox 527 3901 575 3934; x_wconf 77' lang='lat' dir='ltr'><strong>ecee</strong></span> <span class='ocrx_word' id='word_1_399' title='bbox 595 3887 673 3933; x_wconf 76' lang='lat' dir='ltr'><strong>nostri</strong></span> <span class='ocrx_word' id='word_1_400' title='bbox 688 3892 793 3948; x_wconf 75' lang='lat' dir='ltr'><strong>potent,</strong></span> <span class='ocrx_word' id='word_1_401' title='bbox 817 3886 852 3934; x_wconf 75' lang='lat' dir='ltr'><strong>eto</strong></span> <span class='ocrx_word' id='word_1_402' title='bbox 872 3893 1000 3948; x_wconf 70' lang='lat' dir='ltr'><strong>parentes,</strong></span> <span class='ocrx_word' id='word_1_403' title='bbox 1023 3894 1050 3935; x_wconf 78' lang='lat' dir='ltr'><strong>ut</strong></span> <span class='ocrx_word' id='word_1_404' title='bbox 1073 3885 1174 3948; x_wconf 69' lang='lat' dir='ltr'><strong>hollos,</strong></span> <span class='ocrx_word' id='word_1_405' title='bbox 1198 3889 1280 3937; x_wconf 73' lang='lat' dir='ltr'><strong>certis</strong></span> 
     </span>
     <span class='ocr_line' id='line_1_46' title="bbox 206 3949 1278 4017; baseline 0.01 -22"><span class='ocrx_word' id='word_1_406' title='bbox 206 3963 300 4011; x_wconf 78' lang='lat' dir='ltr'><strong>quoque</strong></span> <span class='ocrx_word' id='word_1_407' title='bbox 314 3953 383 4001; x_wconf 76' lang='lat' dir='ltr'><strong>nocio</strong></span> <span class='ocrx_word' id='word_1_408' title='bbox 400 3957 507 4017; x_wconf 79' lang='lat' dir='ltr'><strong>copimur</strong></span> <span class='ocrx_word' id='word_1_409' title='bbox 523 3957 567 4005; x_wconf 76' lang='lat' dir='ltr'><strong>uti.</strong></span> <span class='ocrx_word' id='word_1_410' title='bbox 604 3951 651 4002; x_wconf 88' lang='lat' dir='ltr'><strong>Die</strong></span> <span class='ocrx_word' id='word_1_411' title='bbox 667 3949 830 4014; x_wconf 77' lang='lat' dir='ltr'><strong>Verbindung</strong></span> <span class='ocrx_word' id='word_1_412' title='bbox 848 3966 898 4000; x_wconf 82' lang='lat' dir='ltr'><strong>von</strong></span> <span class='ocrx_word' id='word_1_413' title='bbox 917 3957 1019 4003; x_wconf 69' lang='lat' dir='ltr'><strong>oratore&#39;e</strong></span> <span class='ocrx_word' id='word_1_414' title='bbox 1036 3950 1083 4002; x_wconf 84' lang='lat' dir='ltr'><strong>mit</strong></span> <span class='ocrx_word' id='word_1_415' title='bbox 1100 3953 1190 4016; x_wconf 74' lang='lat' dir='ltr'><strong>offlet&#39;t&#39;e</strong></span> <span class='ocrx_word' id='word_1_416' title='bbox 1201 3970 1278 4015; x_wconf 79' lang='lat' dir='ltr'><strong>prac-</strong></span> 
     </span>
     <span class='ocr_line' id='line_1_47' title="bbox 204 4017 571 4085; baseline 0.022 -20"><span class='ocrx_word' id='word_1_417' title='bbox 204 4019 323 4080; x_wconf 61' lang='lat' dir='ltr'><strong>captuque</strong></span> <span class='ocrx_word' id='word_1_418' title='bbox 342 4017 376 4068; x_wconf 89' lang='lat' dir='ltr'><strong>ist</strong></span> <span class='ocrx_word' id='word_1_419' title='bbox 394 4021 571 4085; x_wconf 67' lang='lat' dir='ltr'><strong>zeugmatisch.</strong></span> 
     </span>
    </p>
   </div>
   <div class='ocr_carea' id='block_1_5' title="bbox 0 0 1412 4519">
    <p class='ocr_par' dir='ltr' id='par_1_14' title="bbox 0 0 1412 4519">
     <span class='ocr_line' id='line_1_48' title="bbox 0 0 1412 4519; baseline 0 0"><span class='ocrx_word' id='word_1_420' title='bbox 0 0 1412 4519; x_wconf 95' lang='lat' dir='ltr'><strong> </strong></span> 
     </span>
    </p>
   </div>
  </div>
 </body>
</html>
