2756 4520
227 341 269 406 63
426 338 468 390 m
487 337 649 401 ouurouu,
666 339 709 390 ur.
727 337 770 394 111.
788 356 841 406 up.
859 343 900 393 ro.
921 339 948 406 ς.
967 343 1025 394 rot.
1045 341 1103 392 ros.

229 515 318 577 quem
332 496 444 578 leniter,
460 515 547 575 quem
564 496 694 566 remisse,
711 510 800 572 quam
815 512 876 554 nou
891 493 1023 556 actuose!
1039 495 1129 558 instat
1143 498 1226 558 euim

275 581 302 644 0
311 590 416 664 peter,
432 602 450 643 0
459 581 579 664 patrea,
596 601 614 642 0
629 577 754 641 Priami
767 576 895 641 demus!

228 668 260 727 iu
276 685 335 746 quo
351 677 427 728 teuta
444 665 626 727 commoveri
640 665 713 726 ectio
726 682 788 724 nou
805 673 913 743 posset,
929 665 954 726 si
970 672 1046 726 esset
1057 679 1239 746 cousumpta
1251 689 1305 729 su-

229 753 346 832 periore
360 762 443 814 motu
459 761 487 812 et
502 753 649 812 exhauste.
664 749 767 828 Neque
781 750 811 810 id
827 758 941 812 actores
956 750 1039 829 prius
1057 752 1198 814 viderunt
1213 771 1303 832 quem

229 839 285 918 ipsi
299 845 411 917 poetae,
429 856 517 917 quam
532 835 659 914 denique
672 835 713 895 illi
728 835 822 908 etiam,
842 835 893 913 qui
908 838 1042 898 feceruut
1056 837 1175 920 modos,
1198 858 1216 898 a
1233 840 1321 918 qui--

229 923 285 985 bus
300 925 432 1002 utrisque
447 922 639 984 summittitur
653 920 770 999 adquid
796 920 901 981 deiude
913 930 1045 1000 augetur,
1061 930 1241 985 extenuatur
1255 925 1304 985 iu-

159 1011 215 1063 103.
228 1009 324 1082 fletur,
339 1009 466 1070 variatur
484 1007 680 1086 distinguitur.
714 1006 754 1067 Ite
770 1005 807 1066 sit
821 1005 907 1067 nobis
922 1007 1011 1087 igitur
1027 1017 1151 1069 ornatus
1164 1019 1193 1070 et
1202 1013 1305 1072 suavis

228 1105 384 1157 orator-
398 1112 453 1154 nec
467 1102 566 1154 temen
582 1099 679 1171 potest
694 1090 775 1151 aliter
790 1110 854 1151 esse
870 1125 919 1165 -‚
943 1102 976 1154 ut
999 1093 1174 1154 suavitatem
1193 1096 1305 1156 haheat

227 1189 373 1242 austeram
389 1188 417 1240 et
431 1177 563 1249 solidam,
585 1195 647 1237 non
662 1176 779 1236 dulcem
793 1185 880 1254 atque
894 1177 1058 1240 decoctam.
1088 1180 1166 1240 Nem
1181 1179 1248 1260 ipse
1263 1183 1303 1242 ad

228 1264 397 1326 ornandum
413 1272 575 1343 praecepte,
598 1280 672 1340 quae
688 1261 804 1335 deutur,
819 1262 882 1322 eius
897 1263 978 1324 modi
993 1273 1072 1344 sunt,
1095 1273 1128 1326 ut
1150 1284 1185 1325 ea
1200 1267 1303 1346 quiris

228 1352 274 1412 vel
289 1350 493 1411 vitiosissimus
501 1356 601 1408 orator
611 1347 754 1425 explicere
769 1347 871 1426 possit.
891 1349 955 1422 Qua
966 1368 1007 1422 re,
1024 1358 1056 1410 ut
1070 1358 1138 1410 ante
1151 1349 1223 1424 dixi,
1238 1355 1304 1432 pri-

230 1455 312 1497 mum
328 1435 399 1496 silva
412 1451 513 1494 rerum
529 1434 570 1510 [ac
581 1432 799 1508 sententiarum]
818 1435 1014 1512 comparanda
1028 1445 1081 1513 est,
1097 1437 1206 1514 quade
1221 1449 1305 1516 perte

402 1607 460 1654 Vtut
475 1603 515 1668 e'pe
533 1612 562 1664 te,
580 1606 688 1653 adstante
706 1619 748 1665 ope
764 1605 898 1665 bdrdarr'ce,

396 1673 472 1724 Terte'e
485 1674 580 1722 eaelutie
597 1674 720 1735 tequeartr,
887 1670 890 1686 '

397 1744 477 1804 Aure,
496 1741 562 1792 e‘here
576 1744 718 1791 instructam
738 1739 840 1804 re'pr'fiee.

397 1812 464 1861 Haeo
481 1811 562 1860 emnia
579 1811 631 1858 rtet
646 1811 805 1872 iufldmmurr',

397 1880 498 1930 Priamo'
513 1883 538 1929 ci
556 1881 628 1928 ritem
646 1879 740 1939 eer'turr',

396 1949 464 1998 Joee's
479 1950 548 1997 urum
565 1949 683 2011 eerpuiue
702 1948 806 2008 turpare

317 2027 422 2070 eetuou:
442 2013 578 2066 effectvoll.

315 2089 455 2138 commereri
471 2089 539 2147 aetio,
557 2082 605 2132 wie
623 2080 642 2131 Ι.
661 2085 702 2143 21],
718 2085 762 2134 90:
780 2085 907 2146 eloquendi
925 2085 1067 2134 celeritatem
1085 2087 1217 2146 turirarer;
1239 2087 1310 2137 ehds⁴

232 2159 273 2218 33,
298 2157 358 2216 1493
378 2156 419 2216 51,
438 2155 503 2206 220:
529 2162 606 2203 metue
622 2153 719 2202 miseere
736 2161 758 2202 et
777 2154 876 2215 equare,
897 2151 965 2208 ¹uuch
981 2151 1026 2200 der
1046 2149 1165 2216 Neiguug
1184 2153 1311 2224 Ciceros,

231 2223 316 2276 Verhu
328 2221 373 2272 mit
383 2221 506 2285 0hjecten
515 2235 669 2287 synonymor
680 2221 824 2282 Bedeutung
840 2234 870 2267 zu
881 2219 1028 2270 verbiudeu:
1041 2225 1130 2287 flpura
1139 2229 1311 2292 etymolopr'ea,

317 2301 454 2352 reueuupte
471 2300 493 2340 et
509 2293 631 2352 exhausta,
651 2289 700 2338 wie
717 2289 730 2348 5
748 2291 809 2340 101:
827 2297 920 2338 eruere
936 2300 1006 2354 utque
1023 2295 1127 2342 eminere
1145 2292 1188 2340 eiu
1210 2290 1242 2346 ἓν
1261 2293 1310 2346 διὰ

233 2361 322 2427 δυοῖν,
341 2360 419 2409 durch
437 2358 477 2409 ein
487 2358 595 2408 Verbum
613 2356 658 2406 mit
670 2356 823 2407 Adverhium
834 2356 1053 2421 wiederzugeheu3
1072 2359 1166 2410 eheuso
1181 2362 1227 2425 30,
1246 2365 1312 2416 120:

231 2432 362 2496 censerunt
381 2439 402 2480 et
421 2437 575 2486 eourutuut;
593 2428 635 2488 40,
658 2429 719 2478 161:
738 2442 832 2476 eernere
848 2436 871 2478 et
888 2429 967 2477 ridere
985 2443 1008 2476 u.
1027 2427 1050 2478 ii.

320 2500 408 2560 moder,
437 2495 509 2545 nemi.
528 2511 560 2545 zu
579 2495 626 2545 den
645 2499 737 2546 centua
756 2494 816 2544 oder
836 2495 883 2543 deu
904 2502 979 2545 uuter
993 2494 1238 2565 Flo'teubegleitung
1251 2517 1314 2550 vor·
1370 2509 1371 2526 ¹

233 2573 384 2632 getrugeuen
404 2563 562 2628 Monologeu.

318 2638 439 2699 utrisque:
464 2633 509 2683 deu
534 2632 654 2682 Dichtem
682 2631 730 2680 und
752 2629 934 2695 Componisten.
971 2631 1021 2681 Des
1046 2639 1115 2684 erste
1141 2633 1314 2704 Gliederpaar

233 2707 390 2766 submittitur,
416 2712 519 2768 cupetur
543 2702 603 2765 geht
626 2700 697 2750 mehr
723 2698 768 2750 eui
787 2698 827 2750 dic
844 2699 1060 2765 Herubstimmung
1086 2705 1139 2752 und
1157 2703 1315 2772 Steigeruug

234 2775 276 2824 des
297 2770 579 2832 Gedeukenuusdrucks,
597 2770 641 2819 des
659 2767 764 2822 zweite:
787 2779 927 2820 extenuatur
946 2773 1050 2834 inflatur
1068 2769 1115 2820 aui
1132 2773 1181 2824 deu
1200 2775 1312 2826 leiseren

233 2843 283 2894 und
302 2842 432 2892 stiirkeren
446 2839 500 2890 Tou
519 2839 676 2901 (decrescendo
689 2853 714 2887 u.
732 2841 861 2902 crescendo,
882 2841 953 2902 sor,
966 2837 1035 2905 216),
1054 2839 1178 2892 w'eihreud
1196 2849 1315 2895 radatur

233 2914 391 2976 dietinpur'tur
409 2909 462 2958 sich
480 2906 526 2958 eui
544 2906 583 2958 die
603 2903 685 2956 {tunso
703 2906 746 2956 des
758 2905 875 2955 Dichters
892 2908 942 2956 und
958 2905 1134 2974 Componisteu
1149 2910 1179 2967 ¹iu
1195 2912 1314 2976 gleirher

234 2980 324 3032 Weiso
343 2979 470 3029 beziehen.
652 2997 654 3027 r

322 3050 380 3106 103,
402 3050 450 3110 Ita,
470 3062 490 3094 s.
509 3060 531 3094 z.
552 3045 592 3106 10,
614 3044 660 3094 38:
680 3045 807 3094 ite-ut.

318 3119 433 3168 solidare:
460 3111 590 3178 gediegeu,
615 3110 661 3176 mit·
687 3111 789 3161 reellem
819 3108 914 3172 Inheit,
945 3113 978 3162 im
1006 3109 1150 3176 Gegensutz
1179 3132 1213 3166 zu
1240 3121 1313 3169 deeo-

234 3197 306 3240 ruuu:
325 3182 382 3235 fede
401 3184 461 3233 oder
478 3179 609 3244 w'eisserig.
643 3179 751 3230 Ahnlich
770 3179 836 3230 wird
855 3183 933 3232 selide
948 3199 987 3232 ree
1004 3181 1073 3232 einer
1090 3185 1237 3238 adumbrata
1253 3195 1313 3237 cnt-

234 3258 413 3323 gegengcsctzt
428 3250 500 3302 Tusc.
519 3248 581 3314 disp.
603 3245 644 3298 ΙΙΙ.
667 3249 691 3312 2,
710 3251 738 3299 3:
758 3251 804 3300 Bet
823 3253 887 3299 euim
902 3253 981 3315 plorr'u
997 3254 1074 3301 solida
1092 3257 1211 3316 quaedem
1229 3272 1271 3306 res
1292 3269 1315 3308 er

234 3339 352 3390 repressa,
371 3338 421 3371 neu
438 3321 588 3371 adurebratu.
627 3316 684 3381 Vgl.
703 3318 767 3368 auch
785 3317 825 3368 die
841 3334 872 3368 zu
891 3323 932 3382 31,
952 3321 985 3372 80
1005 3319 1090 3372 citirte
1112 3317 1202 3373 Stelle'
1214 3325 1243 3374 de
1268 3325 1315 3376 off.

237 3393 277 3448 111.
299 3395 339 3454 11,
357 3392 397 3442 69.

316 3463 397 3525 quiris
422 3461 459 3508 eet
481 3457 649 3508 remetimur
673 3459 737 3503 state
764 3454 809 3504 der
830 3455 1039 3506 herkh'mmlichen
1065 3456 1171 3508 Lesurt:
1199 3471 1317 3524 quamvis

236 3533 409 3590 timuerimus,
428 3525 469 3576 die
480 3526 535 3575 dem
547 3522 769 3588 Sprechgcbreuch
780 3520 889 3574 Cicero’s
898 3523 1085 3590 widersprieht,
1100 3529 1213 3578 welcher
1224 3545 1316 3593 quam-

236 3605 272 3656 rr'r
295 3614 341 3650 uur
358 3595 405 3646 mit
422 3595 477 3644 dem
494 3591 593 3643 Positiv
612 3590 754 3643 verbindet.
789 3591 848 3656 Vgl.
867 3591 886 3643 Ι.
907 3595 947 3657 26,
969 3595 1030 3647 118:
1056 3613 1134 3662 neque
1156 3601 1219 3650 ertu
1235 3625 1277 3637 -
1296 3609 1320 3652 u·

236 3675 292 3726 daeo
310 3668 381 3721 turbu
400 3674 422 3715 et
441 3665 554 3715 tartaria
571 3663 679 3722 ferensis
693 3663 821 3711 daturum
836 3666 873 3714 eet
888 3665 1050 3714 eitr'eee'eu'rm's
1063 3670 1208 3730 oratoribus,
1222 3669 1316 3720 iccirco

239 3759 282 3796 reor
298 3741 348 3800 dee,
367 3735 433 3799 quod
448 3735 593 3797 quaerimus,
614 3731 755 3780 omittemus.

326 3807 444 3868 replicare
461 3799 574 3863 bcweist,
592 3813 665 3848 weuu
678 3798 717 3848 die
732 3797 822 3848 Lesart
833 3797 926 3864 richtig
935 3799 977 3863 ist,
994 3799 1035 3850 eiu
1047 3799 1177 3853 Verseheu
1189 3802 1319 3858 Ciceros.

241 3881 272 3934 dr
292 3875 344 3928 dies
363 3869 472 3922 Verbum
492 3885 539 3919 nur
555 3883 605 3918 von
625 3868 680 3916 dem
700 3865 795 3915 Rhetor
816 3874 950 3931 eusgesogt
968 3869 1070 3920 werden
1091 3871 1166 3934 kann,
1187 3863 1318 3928 wihrend

241 3965 269 4004 ω
287 3961 335 3998 von
353 3941 406 3992 dem
423 3937 523 3988 Redner
542 3947 619 3988 teuere
636 3934 696 3983 oder
707 3938 823 3998 persequi
838 3935 936 3986 heisseu
954 3938 1058 3991 miisste.

326 4015 386 4065 edua
397 4025 487 4068 rerum,
506 4021 526 4056 s.
537 4021 557 4056 z.
568 4007 610 4068 24,
621 4004 662 4057 93.
682 4001 728 4051 Die
738 4001 881 4052 Vorschrih
894 4003 920 4054 iu
930 4005 1026 4056 Betreff
1041 4007 1086 4058 der
1102 4005 1322 4082 Stoffuuffindung
