2814 4526
344 292 387 346 uu
406 291 569 359 onsroau,
587 291 631 346 uu.
648 293 679 348 11.
697 311 749 362 sap.
768 297 792 348 a.
808 293 825 361 a
844 299 883 353 se.
902 299 942 350 14.
1141 289 1180 360 tt

107 451 301 512 salutassent:
327 450 404 523 erid
427 469 481 512 vos
505 447 645 510 tandem?
673 451 803 523 Crassus,
825 451 1050 529 numquidnam,
1075 451 1180 529 inquit,
1283 437 1288 452 ,
1363 451 1386 528 1⁴

108 533 204 598 novi?
241 536 319 596 Nihil
348 555 433 608 sane,
463 537 558 614 inquit
579 534 713 596 Catulus:
751 535 858 596 etenim
887 535 968 596 vides
990 555 1054 596 esse
1076 537 1179 610 ludos3

105 622 161 684 sed
179 656 220 666 -—
240 622 286 681 vel
308 631 339 682 tu
360 639 416 681 nos
438 621 553 699 ineptos
572 620 647 693 licet,
669 621 774 699 inquit,
796 621 842 680 vel
863 622 1003 682 molestos
1024 629 1110 700 putes
1128 656 1179 694 -,

108 726 176 768 eum
212 706 248 766 ad
278 725 325 768 me
355 707 385 765 in
416 707 630 777 Tusculanum,
661 706 773 785 inquit,
811 706 874 766 heri
906 707 1020 785 vesperi
1052 708 1180 767 venisset

104 793 215 854 Caesar
246 791 281 851 de
307 786 478 852 Tusculano
504 811 573 863 suo,
607 791 679 852 dixit
708 792 779 852 mihi
808 810 825 850 a
851 811 883 851 se
912 792 1079 852 Scaevolam
1110 791 1179 852 hinc

107 886 228 938 euntem
260 895 324 936 esse
354 886 550 948 conventum,
579 895 614 935 ex
643 895 703 955 quo
734 878 808 937 mira
838 877 981 955 quaedam
1010 896 1041 937 se
1062 878 1178 938 audisse

106 961 235 1034 dicehat3
272 971 315 1034 te,
345 980 433 1040 quem
457 980 510 1040 ego
532 962 638 1022 totiens
658 963 739 1022 omni
757 961 869 1022 ratione
891 970 1036 1040 temptans
1058 962 1093 1021 ad
1116 962 1178 1022 dis-

106 1048 274 1127 putandum
297 1046 400 1107 elicere
421 1064 483 1106 non
504 1047 675 1124 potuissem,
698 1047 841 1125 permulta
858 1047 900 1107 ‘de
922 1048 1087 1125 eloquentia
1110 1063 1178 1107 cum

107 1133 239 1194 Antonio
262 1132 435 1193 disseruisse
457 1142 485 1192 et
506 1141 656 1211 tamquam
671 1133 702 1191 iu
721 1133 818 1193 schola
835 1151 928 1210 prope
945 1133 981 1191 ad
998 1132 1178 1192 Graecorum

106 1217 356 1278 consuetudinem
386 1217 557 1297 disputasse.
601 1219 642 1278 ltu
673 1237 720 1277 me
750 1220 840 1280 frater
866 1217 995 1278 exoravit
1021 1236 1058 1278 ne
1078 1218 1178 1295 ipsum
1195 1217 1233 1268 ¹4·

109 1302 231 1382 quidem
253 1321 270 1361 a
292 1303 388 1362 studio
417 1302 554 1362 audiendi
575 1302 663 1364 nimis
685 1301 908 1374 abhorrentem,
937 1303 989 1363 sed
1012 1304 1179 1364 mehercule
1263 1347 1265 1352 -

108 1397 277 1460 verentem,
310 1406 348 1447 ne
380 1387 495 1448 molesti
527 1387 610 1450 vohis
638 1389 898 1461 interveniremus,
929 1397 962 1448 ut
990 1387 1048 1448 huc
1077 1407 1177 1448 secum

109 1474 253 1536 venirem.
298 1472 412 1533 Etenim
436 1473 604 1534 Scaevolam
626 1475 664 1534 ita
687 1474 783 1534 dicere
804 1472 912 1550 aiebat,
934 1472 1043 1532 honam
1065 1483 1177 1550 partem

106 1559 259 1620 sermonis
287 1557 319 1617 in
347 1558 428 1618 huuc
461 1559 537 1618 diem
571 1577 634 1620 esse
667 1558 791 1620 dilatam.
836 1558 901 1619 Hoc
930 1559 954 1618 si
982 1568 1013 1618 tu
1043 1558 1178 1636 cupidius

111 1649 224 1705 laetum
255 1643 420 1715 existimas,
456 1643 569 1704 Caesari
594 1643 750 1714 attribues;
787 1644 812 1704 si
841 1643 1028 1715 familiarius,
1064 1644 1179 1721 utrique

110 1740 260 1793 nostrum.
292 1728 352 1788 Nos
374 1729 503 1806 quidem,
525 1729 580 1791 nisi
602 1731 678 1789 forte
693 1729 807 1790 molesti
824 1729 1045 1800 intervenimus,
1064 1729 1179 1788 venisse

180 1900 262 1962 inquit
283 1895 347 1948 wird
372 1895 516 1960 hisweilen,
540 1913 612 1948 weuu
637 1897 676 1948 die
699 1896 869 1946 Deutlichheit
892 1896 937 1946 der
953 1895 1116 1960 Darstellung
1139 1897 1179 1948 die

110 1966 311 2029 Hervorhehung
329 1967 372 2015 des
390 1965 506 2029 Suhjects
525 1966 612 2030 uh'thig
631 1967 721 2028 maeht,
742 1965 833 2016 diesem
849 1964 1024 2029 nachgestellt,
1043 1966 1093 2014 und
1111 1981 1181 2015 zwsr

109 2036 181 2085 nicht
195 2035 278 2099 bloss,
303 2049 375 2084 weun
394 2037 470 2097 noch,
495 2035 544 2086 wic
564 2036 630 2098 hier,
650 2035 690 2086 ein
710 2034 788 2085 Wort
808 2034 964 2084 dszwischeu
982 2033 1053 2094 tritt,
1072 2033 1180 2084 sondern

108 2105 174 2155 such
193 2105 258 2153 ohne
278 2102 317 2152 eiu
336 2102 442 2164 sulches,
463 2103 511 2155 wie
529 2111 605 2154 unteu
620 2107 644 2167 8,
658 2106 705 2166 313
726 2103 743 2154 l.
762 2105 803 2166 33,
823 2106 882 2166 tau,
900 2102 1056 2166 111.12,tv;
1075 2105 1117 2165 24,
1133 2105 1180 2165 9⁰3

107 2177 152 2238 49,
175 2175 232 2224 1110.
267 2172 365 2222 Auders
382 2176 407 2236 4,
430 2175 467 2224 to.

178 2245 256 2303 ludos,
278 2240 317 2290 dio
338 2256 393 2289 vom
411 2239 629 2305 4.-tt.Se1oor.
649 2255 680 2289 zu
697 2239 780 2289 llhren
801 2240 844 2290 des
857 2237 979 2305 luppiter,
1001 2239 1119 2290 derJuuo
1131 2240 1181 2289 und

108 2309 226 2362 Minerva
258 2307 395 2373 gefeierteu
423 2314 478 2361 dudi
503 2314 587 2374 mapsa·
612 2310 672 2358 oder
697 2313 809 2370 muur'mi,
842 2309 962 2359 w'sihreud
993 2309 1103 2358 welcher
1130 2308 1180 2358 alle

109 2377 272 2430 dlfeutlicheu
291 2376 503 2441 Verhsudluugeu
519 2379 545 2427 in
563 2377 624 2427 Rom
642 2378 721 2427 ruhen
740 2384 856 2428 mussten.
894 2376 951 2441 vgl.
971 2376 989 2428 l.
1013 2381 1036 2438 l,
1055 2379 1094 2430 24.

180 2452 285 2508 ineptes:
303 2444 407 2504 taktlos,
427 2451 545 2498 molestos:
564 2444 738 2510 auidringlich.
774 2446 813 2496 hu
831 2446 885 2496 dem
903 2445 1082 2496 wiederholten
1102 2450 1182 2510 inquit

107 2519 145 2568 ist
169 2516 195 2565 in
224 2515 308 2566 dieser
330 2515 383 2564 dem
400 2516 583 2580 gemiithlichen
602 2513 787 2580 Gespr'dehstou
813 2514 1018 2578 uechgebildeten
1037 2513 1181 2579 llrzlihluug

107 2602 151 2638 um
169 2599 198 2634 so
219 2583 330 2647 weniger
347 2584 453 2634 Austoss
474 2601 504 2634 zu
526 2585 642 2644 uehmen,
666 2583 704 2632 als
723 2582 846 2646 jedesmal
864 2583 902 2633 eiu
923 2583 1052 2647 wichtiges
1072 2583 1182 2634 Momeut

107 2655 135 2706 in
161 2654 207 2704 der
231 2649 550 2717 Gedaukeueutwicivelung
577 2653 655 2702 durch
682 2651 794 2702 desselbe
821 2651 928 2702 marltirt
952 2652 1024 2704 vvird.
1059 2651 1092 2701 So
1117 2650 1182 2715 iolgt

109 2724 177 2775 such
196 2721 256 2771 hald
273 2723 383 2770 nuchhar
400 2721 445 2771 auf
462 2725 523 2773 diust
540 2721 702 2771 uumittelhar
722 2725 817 2772 dicebat.

182 2794 279 2854 elisere,
299 2788 346 2840 wie
364 2805 408 2839 aus
429 2790 508 2841 ciuem
527 2790 683 2842 Verschloss.
719 2788 840 2839 dehulich
860 2787 963 2850 hehlsgt
982 2787 1036 2837 sich
1053 2787 1071 2838 l.
1091 2791 1133 2852 21,
1150 2791 1183 2841 st

108 2859 238 2927 Sulpicius
266 2859 327 2908 iiber
345 2858 385 2908 die
405 2858 559 2924 Weigeruag
577 2860 619 2909 des
640 2858 752 2919 Crassus,
770 2857 824 2907 sich
839 2858 900 2907 iiber
918 2857 1001 2905 diesen
1024 2853 1184 2920 Gegeustsud

111 2930 291 2982 sussulasseu:
309 2931 405 2978 verdum
422 2945 450 2978 eu
469 2946 495 2978 eo
511 2925 618 2993 (Crasso)
638 2943 769 2991 numquam
789 2931 870 2977 eiicere
889 2929 959 2986 potui
976 2928 1004 2974 de
1016 2930 1042 2975 ui
1051 2943 1079 2976 ae
1091 2929 1185 2977 ratione

111 3001 225 3058 dicendi,
244 3013 297 3046 eum
314 3006 336 3048 et
347 3013 394 3058 per
414 3002 587 3058 memetipsum
604 3002 700 3061 spissam
717 3006 739 3046 et
752 3013 799 3057 per
817 2999 928 3045 Drusum
946 3011 1013 3055 sume
1030 3005 1184 3057 temptassent.

112 3067 173 3132 Vgl.
192 3065 225 3116 ll.
247 3069 268 3126 1,
288 3067 316 3116 2:
346 3075 373 3116 ut
396 3069 497 3116 Crassus
522 3083 573 3116 mom
597 3075 645 3116 tam
663 3067 799 3116 mutimari
815 3068 880 3116 vellet
897 3079 946 3113 mom
963 3065 1087 3129 didicisse,
1112 3081 1185 3128 quom

110 3141 156 3188 illa
174 3137 294 3196 despicere
310 3140 358 3186 eet.

183 3206 325 3254 disseruisse
340 3201 487 3252 bezeichnet
502 3201 657 3251 schlechthiu
672 3201 712 3251 die
724 3200 916 3264 Entwickeluug
930 3199 1013 3250 seiner
1027 3199 1184 3263 subjectiven

112 3272 235 3338 Ausicht,
261 3276 393 3332 disputasse
416 3271 456 3321 die
480 3271 649 3320 methodisehe
671 3270 832 3334 Behuudluug
852 3271 895 3319 des
915 3266 1116 3332 Gegenstaudes,
1144 3265 1185 3316 hei

112 3343 227 3393 welchcr
258 3339 303 3388 mit
330 3339 570 3403 Beriieksichtiguug
599 3339 664 3389 aller
693 3339 817 3402 ctwaigeu
848 3338 987 3387 llinwiindc
1018 3335 1105 3386 Gruud
1136 3335 1185 3384 und

112 3409 283 3476 Gegengruud
309 3407 460 3471 shgswogeu
480 3409 545 3458 wird
563 3409 612 3458 und
632 3408 671 3458 ein
690 3407 808 3458 Resultst
826 3423 872 3456 von
893 3406 1033 3470 objectiver
1051 3403 1187 3467 Giltigkeit

113 3493 253 3545 gewonueu
272 3477 372 3527 werden
390 3477 446 3527 soll.

185 3549 225 3599 14.
257 3549 334 3596 dehere
355 3552 386 3595 st.
405 3549 494 3598 dsteisse
516 3545 662 3596 bezeichnet
691 3546 734 3595 das
759 3541 870 3594 lehhaltc
896 3542 1018 3592 Interesse
1046 3556 1077 3590 au
1104 3539 1188 3588 dieser

113 3615 284 3680 ttiuueitung,
311 3614 353 3664 des
380 3613 474 3677 Cdsar,
505 3613 599 3664 welche
631 3615 678 3664 deu
708 3613 812 3664 Catulus
838 3612 887 3662 wie
915 3612 970 3662 eine
999 3607 1187 3674 gegeuwiirtigc

111 3683 277 3748 hesch'dltigt.

185 3758 210 3805 si
219 3755 383 3817 familiarius,
404 3751 575 3817 asyndetisch,
593 3750 671 3800 daher
690 3750 760 3800 nicht
775 3754 821 3801 siu.

184 3827 238 3874 misi
252 3824 321 3885 sorte
343 3825 434 3871 medati
453 3823 538 3871 intera.
577 3819 666 3870 Dieser
689 3819 850 3870 wiederholte
875 3815 1007 3866 Ausdruck
1032 3814 1189 3878 dugstlicher

116 3891 255 3943 liiicksicht
280 3889 315 3940 ist
338 3890 392 3940 dem
417 3887 514 3939 saulieu
538 3889 586 3938 und
609 3888 720 3938 weichen
739 3886 846 3938 Gemiith
864 3886 906 3935 des
927 3884 1032 3934 Catulus
1050 3899 1114 3948 gouz
1132 3890 1191 3934 eut-

114 3959 264 4028 sprechcnd.
302 3958 480 4025 vgt.18,ts.

177 4053 250 4095 Cicero
264 4052 291 4092 de
304 4051 394 4092 oratore
415 4051 443 4092 Π.
973 4041 989 4090 2
