2750 4526
290 339 333 391 ue
352 338 516 405 ostreum,
534 341 577 394 m.
596 341 626 394 n.
645 357 666 394 6.
688 345 728 396 66.
750 346 789 396 ro.
810 342 826 409 e
846 345 956 396 eo-ee,
1117 343 1160 408 43

107 493 215 555 musicis
244 494 332 557 rebus
354 513 415 556 non
437 497 545 574 poterit
567 498 638 575 quin
664 497 739 558 dieat
760 497 818 557 hou
839 515 930 558 onere
951 507 1088 578 suscepto
1110 517 1159 561 re-

107 595 207 640 cusare.
247 581 379 659 Denique
409 581 444 654 ei,
474 582 524 659 qui
543 583 698 660 profitetur
719 601 784 644 esse
804 587 897 644 ¹surram
917 599 980 644 non
1003 585 1100 644 solum
1123 585 1160 645 de

108 663 144 723 eis
164 667 383 742 controversiis,
413 684 488 745 quae
516 667 700 747 temporibus
730 677 758 729 et
785 668 920 747 personis
942 677 1057 735 nataae
1081 678 1160 751 eunt,

106 748 156 807 hoe
170 758 218 822 est
231 751 268 812 de
282 751 421 812 omnibus
436 751 615 826 forensibus,
638 753 689 814 sed
710 753 794 814 etiam
818 754 854 814 de
874 771 1016 834 generum
1037 754 1157 816 infinitis

106 835 313 910 quaestionibus
333 837 438 910 dicere,
459 838 574 899 nullum
590 847 688 918 potest
707 857 771 900 esse
791 857 883 918 genus
905 838 1053 912 orationis,
1076 839 1157 920 quod

105 918 137 978 sit
155 930 313 1000 exceptum.
357 923 413 984 Sed
437 922 462 982 si
482 922 560 983 illam
583 942 703 1004 quoque
725 931 838 1003 partem
859 925 1065 1003 quaestionum
1088 933 1273 998 ora-16.e·1.

106 1003 154 1064 tori
175 1007 307 1068 volumus
329 1007 489 1086 adiungere
511 1027 613 1088 vagam
637 1018 665 1070 et
684 1009 807 1071 liberam
827 1018 856 1070 et
875 1009 931 1070 late
946 1018 1102 1088 patentem,
1127 1019 1158 1072 ut

105 1087 135 1148 de
160 1089 245 1154 rebus
274 1092 362 1155 bonis
379 1101 429 1153 aut
449 1093 549 1170 malis,
579 1095 749 1173 expetendis
770 1105 820 1155 aut
840 1095 1004 1174 fugiendis,
1025 1096 1157 1156 honestis

105 1182 148 1233 aut
165 1178 307 1256 turpibus,
329 1177 447 1239 utilibus
468 1189 518 1240 aut
538 1179 700 1256 inutilibus,
723 1180 759 1242 de
778 1181 893 1252 virtute,
915 1180 951 1241 de
971 1181 1092 1254 iustitia,
1121 1181 1159 1241 de

103 1260 275 1338 continentia,
294 1264 330 1324 de
352 1263 515 1342 prudentia,
538 1266 574 1326 de
597 1266 796 1344 magnitudine
812 1266 910 1339 animi,
931 1266 967 1327 de
980 1265 1157 1342 liberalitate,

105 1341 135 1402 de
152 1347 261 1430 pietate,
279 1349 315 1410 de
338 1347 469 1421 amicitia,
492 1348 528 1410 de
551 1351 658 1424 officio,
682 1351 718 1411 de
737 1351 803 1424 lide,
825 1351 861 1411 de
883 1352 985 1412 ueteris
1002 1350 1157 1412 virtutibus

102 1434 303 1514 contrariisque
324 1433 401 1495 vitiis
424 1432 582 1495 dicendum
605 1437 713 1497 oratori
736 1445 890 1514 putemus3
918 1437 1048 1517 itemque
1067 1437 1104 1498 de
1126 1455 1158 1496 re

102 1514 219 1591 publiea,
242 1521 280 1580 de
302 1519 442 1598 imperio,
465 1519 502 1580 de
520 1539 552 1580 re
575 1521 705 1594 militari,
729 1522 765 1582 de
787 1522 939 1600 disciplina
961 1523 1099 1596 civitatis,
1122 1521 1159 1582 de

102 1597 245 1665 hominum
266 1604 417 1677 moribus,
446 1604 636 1667 adsumamus
657 1624 721 1666 eam
744 1624 865 1684 quoque
887 1615 1016 1685 partem,
1039 1608 1091 1668 sed
1109 1607 1156 1680 ita,

101 1693 128 1743 ut
140 1685 173 1747 sit
187 1690 407 1769 circumscripta
422 1690 544 1751 modieis
565 1691 744 1772 regionibus.
784 1691 931 1769 Equidem
951 1693 1058 1764 omnia,
1082 1710 1156 1771 quae
1169 1709 1211 1760 68.

98 1771 232 1862 pertinent
259 1776 296 1836 ad
319 1793 408 1837 usum
429 1775 553 1848 civium,
582 1795 697 1838 morem
717 1776 883 1849 hominum,
906 1794 981 1856 quae
1002 1786 1157 1838 versantur

99 1871 125 1912 ru
143 1859 353 1922 consuetudine
374 1861 457 1936 vitae,
480 1861 510 1921 iu
533 1863 645 1924 ratione
667 1862 710 1923 rei
730 1861 873 1940 publicae,
891 1862 922 1921 in
944 1862 998 1922 hae
1020 1862 1156 1923 societate

101 1940 173 2016 uirili,
187 1945 217 2005 in
236 1965 328 2007 sensu
345 1945 474 2006 hominis
491 1947 652 2020 communi,
674 1947 704 2008 in
727 1955 838 2021 natura,
860 1946 892 2008 in
909 1946 1051 2020 moribus,
1071 1965 1155 2007 oom-

159 2081 196 2132 66.
221 2099 303 2133 anne.
331 2079 389 2145 Vgl.
408 2079 556 2145 1.25,1to:
588 2085 706 2148 Magnam
723 2085 841 2146 quoddam
859 2092 892 2134 eet
909 2099 969 2134 anua
985 2093 1157 2147 atquemnnua

98 2149 203 2208 ⁸¹⁴³um
221 2160 293 2215 atque
310 2153 423 2213 profiteri
438 2167 462 2200 ee
481 2167 528 2201 esee
545 2179 578 2188 —-
595 2168 671 2202 mnam
689 2155 846 2202 mammisea
865 2154 936 2203 redae
952 2168 1038 2217 magno
1058 2155 1086 2202 in
1098 2168 1156 2202 aon-

97 2224 159 2266 amm
178 2220 304 2272 deminum
322 2222 475 2272 audiendum.

159 2295 225 2350 teng.
246 2299 268 2340 et
279 2305 345 2350 pera.
362 2297 464 2338 notatae.
501 2288 619 2339 Derselhe
638 2287 769 2338 Ausdruek
789 2289 866 2340 findet
889 2287 943 2338 sielu
961 2289 991 2338 de
1008 2295 1072 2355 pert.
1093 2294 1157 2340 orat.

101 2351 135 2416 18,
155 2356 183 2407 61
203 2359 253 2408 und
275 2359 318 2420 30,
340 2358 402 2418 166;
424 2356 477 2419 vgl.
495 2358 525 2406 de
544 2372 579 2407 er.
601 2356 618 2406 Ι.
641 2359 682 2419 31,
703 2359 765 2410 138:
792 2374 840 2408 eaee
859 2373 950 2408 munem
968 2361 1097 2408 arationem
1114 2367 1157 2408 aad

98 2422 122 2468 dn
136 2424 241 2486 infinitae
258 2428 299 2477 rei
319 2429 457 2490 quaestione
481 2428 533 2477 sine
554 2429 716 2492 designatione
735 2443 897 2489 pesonarum
920 2436 942 2477 et
965 2437 1096 2489 temporum
1114 2435 1158 2477 ant

98 2490 122 2538 de
136 2507 161 2541 ra
176 2499 245 2545 aertia
265 2499 295 2545 in
303 2498 416 2556 personia
434 2510 462 2545 aa
478 2497 623 2556 temporibus
637 2499 719 2546 maaca.

156 2563 183 2612 da
196 2580 313 2630 ymerum
331 2566 435 2626 infinitis
451 2567 638 2626 quaestionibus,
657 2579 678 2614 s.
697 2579 719 2614 z.
740 2564 755 2625 ξ
776 2565 824 2616 64:
841 2565 935 2615 ammo.

159 2626 204 2688 16·
238 2635 280 2686 67.
318 2634 417 2683 liberam
442 2654 475 2673 =
501 2635 577 2683 nullia
603 2636 712 2685 terminia
731 2643 843 2695 aaaptmn.
880 2630 996 2683 Gemeiut
1021 2632 1076 2682 sind
1103 2632 1159 2683 hier

99 2692 133 2743 die
143 2694 238 2764 Frageu
253 2703 300 2752 der
313 2699 400 2764 Ethik,
413 2700 462 2750 wia
479 2699 513 2750 im
525 2702 747 2766 verhergehenden
756 2698 933 2766 Peragraplren
947 2701 986 2750 die
999 2702 1043 2752 der
1052 2700 1158 2767 Physik.

159 2770 289 2833 diam'ple'na
307 2773 408 2820 eivitatie
426 2769 485 2820 oder
503 2774 580 2821 eioiiis
598 2774 739 2832 anemonae
758 2775 820 2822 ratio
839 2770 909 2832 (ratio
928 2773 967 2820 rei
976 2773 1047 2832 pubi.
1067 2772 1082 2832 §
1100 2772 1157 2833 68):

98 2828 333 2904 Staatsverlassuug.

157 2909 318 2960 ammanus.
342 2906 430 2957 Dieser
442 2907 585 2958 eoneessive
595 2905 664 2970 Conj.
680 2907 744 2956 naelr
759 2905 838 2956 eioem
851 2904 1157 2956 eoudieionulouVorder-

97 2975 159 3023 satae
180 2977 250 3027 steht
272 2976 360 3026 immor
382 2991 415 3026 an
439 2976 483 3026 der
506 2983 590 3026 ersten
608 2975 687 3026 Stella
709 2975 752 3026 des
769 2973 939 3038 Nuehsatzes3
964 2974 990 3024 in
1015 2975 1060 3025 dar
1077 2973 1157 3038 liegel

99 3037 152 3089 aler
169 3044 242 3108 wird,
263 3044 314 3095 wie
331 3044 395 3107 hier,
414 3043 453 3095 die
470 3041 640 3108 Einr'dumung
660 3044 706 3094 mit
731 3044 801 3094 einer
814 3043 1008 3106 Beseluriiulung
1027 3045 1156 3107 gomanum

98 3106 141 3170 Vil-
160 3107 179 3174 l,
199 3115 240 3175 11,
259 3116 293 3166 49
311 3115 360 3163 und
375 3129 399 3178 p.
417 3111 471 3165 Mil.
492 3117 515 3175 5,
535 3115 580 3166 12:
608 3115 673 3172 dnae
694 3115 789 3178 quiden
805 3116 949 3174 seponenda
966 3123 1000 3164 eet
1016 3115 1158 3174 appellanda

96 3182 166 3235 mdes
181 3207 219 3247 -,
239 3185 373 3245 appdletur
387 3186 422 3233 ita
432 3199 497 3245 eane,
515 3186 572 3234 dnm
584 3185 652 3234 modo
663 3197 691 3233 ea
707 3199 752 3232 naa
768 3191 868 3233 utamur
880 3198 928 3243 pra
942 3187 1019 3234 salute
1035 3185 1156 3233 donanim.

95 3251 471 3384 1611166162212
497 3249 795 3386 1161166121
805 3251 866 3370 ‘ll‘
877 3248 1157 3384 ΒἭ

399 3357 404 3370 ·
445 3360 450 3372 ·
487 3357 493 3369 ·
616 3357 623 3370 ·
742 3355 748 3368 ·
1148 3355 1155 3379 n

96 3385 152 3434 ardis
168 3357 247 3439 t'errae
265 3357 403 3454 6661661666
419 3336 583 3452 defigentur,
605 3356 732 3450 ebus’ss,
751 3390 798 3452 29,
822 3386 900 3438 ditem
918 3358 964 3437 mit
980 3390 1080 3438 termini
1096 3386 1157 3435 odor

97 3465 144 3502 erae
159 3456 313 3520 verbunden,
338 3456 387 3507 wie
404 3457 437 3522 qiu
454 3456 508 3508 Cet.
526 3456 569 3507 IV.
591 3459 630 3522 to,
648 3459 693 3520 213
713 3473 737 3523 p.
755 3456 821 3506 Sest.
840 3459 882 3522 61,
902 3458 958 3510 129.
995 3454 1047 3505 Zur
1062 3452 1156 3502 11616111-

96 3533 153 3585 mng
168 3538 218 3574 ven
234 3528 303 3590 regio
324 3525 393 3576 dieut
410 3524 493 3577 Verre
512 3526 542 3576 de
557 3525 618 3590 ling.
636 3525 691 3576 Lat.
710 3524 742 3592 V,
763 3523 780 3591 ξ
800 3528 848 3578 31:
872 3536 900 3577 nt
923 3527 1000 3574 omnm
1023 3532 1113 3573 natura
1128 3526 1156 3574 in

95 3595 176 3642 walam
191 3605 214 3646 et
231 3605 323 3646 terram
336 3598 413 3646 divim
429 3605 470 3657 eat,
491 3599 526 3646 aie
544 3597 602 3645 eaeli
617 3598 754 3659 regionibns
775 3605 841 3646 terra
853 3597 880 3644 in
888 3595 975 3643 Aetam
992 3595 1154 3652 emarapam.

95 3657 152 3708 Auia
175 3667 238 3713 enim
265 3667 326 3714 iacet
349 3667 383 3714 ad
397 3667 518 3715 meridiem
538 3673 560 3716 et
578 3673 702 3726 anstrum,
731 3667 831 3725 Europa
856 3666 889 3713 ad
914 3671 999 3724 septam
1021 3664 1109 3710 triones
1134 3670 1157 3712 et

92 3732 228 3789 medanam.

116 3815 120 3828 ¹
155 3801 196 3851 68.
234 3804 365 3863 pertinent,
383 3799 451 3850 hier:
471 3799 497 3849 in
516 3799 656 3864 Beziehung
672 3801 750 3862 steht,
767 3801 819 3865 vgl.
833 3805 864 3849 zu
886 3799 910 3861 2,
930 3800 959 3864 6;
976 3795 1157 3848 6666661166-

93 3861 208 3931 kommen,
232 3866 304 3918 nieht
328 3868 475 3919 wesentliolu
497 3884 547 3918 ven
571 3887 640 3920 eamn
663 3865 777 3920 ‘Brauelu'
795 3866 966 3929 verschiedne,
994 3867 1072 3916 delier
1093 3867 1155 3916 ohne

93 3929 256 4001 Palponides,
274 3952 295 3992 s.
315 3953 336 3987 6
355 3942 381 4002 2,
399 3941 427 3988 7:
445 3955 460 3987 a
479 3942 588 3998 silentia·
610 3939 700 3988 endere
718 3935 736 3990 l.
750 3939 774 4000 3,
796 3939 836 3990 12:
857 3939 952 3987 dmendi
962 3941 1040 3986 amnia
1051 3939 1156 3988 ratia-

92 4009 206 4056 commane·
223 4009 329 4070 quodam
345 4010 373 4057 in
390 4023 438 4057 nana
454 4017 525 4071 atqua
541 4009 568 4056 in
585 4010 708 4058 domenum
726 4022 790 4058 more
807 4015 828 4056 et
844 4021 951 4057 ammone
966 4015 1081 4058 amiatae.

155 4077 341 4127 inenuntium.
363 4080 488 4139 mmanuni,
505 4075 557 4139 vgl
574 4074 629 4144 14,
645 4078 690 4129 13:
708 4093 723 4125 a
740 4078 908 4127 consuetudine
925 4079 1057 4127 eommunis
1073 4091 1156 4127 sennua
