2632 4518
198 299 241 367 58
383 301 426 351 nn
445 299 608 363 onnronn,
628 299 672 356 us.
690 298 732 351 m.
750 315 805 366 cap.
823 303 864 352 22.
883 302 924 352 ra.
942 302 957 362 ε
977 271 1086 353 εε-ἐε.

144 459 185 513 at.
199 465 284 530 esset,
306 456 357 517 sed
372 458 497 517 sortasse
512 473 574 516 non
589 457 711 517 stultum
728 456 814 517 alieni
829 455 942 518 artificii
956 455 1192 516 existimatorem.
1218 455 1254 514 Si·

200 542 305 603 militer
319 559 400 602 nune
414 541 451 602 de
466 550 582 602 oratore
597 549 694 603 vestro
717 542 847 621 impulsu
866 542 982 621 loquor,
1005 557 1125 601 summo
1147 539 1254 612 settara

199 646 317 706 semper
331 627 425 699 enim,
441 644 629 706 quacumque
644 628 681 688 de
695 636 756 688 arte
771 635 821 688 aut
837 627 972 687 facultate
987 626 1150 704 quaeritur,
1164 626 1199 686 de
1212 625 1254 684 ab·

199 714 293 774 soluta
309 722 337 774 ει
351 714 479 792 perlecta
494 712 597 791 quaeri
612 713 695 774 solet.
713 713 778 786 Qua
792 731 825 774 re
840 711 865 772 si
879 712 937 772 iam
954 728 1002 772 me
1019 711 1107 774 voltis
1123 729 1186 772 esse
1199 729 1254 771 ora·

199 809 304 878 torem,
326 799 351 858 si
366 798 453 860 etiam
467 808 511 858 sat
525 797 649 870 bonum,
672 797 827 860 sibonum
844 797 980 874 denique,
1003 814 1066 856 non
1089 796 1256 876 repugnabo.

199 884 275 957 Quid
292 883 372 944 enim
389 900 470 945 nunu
485 883 542 942 sim
557 880 699 962 ineptus?
727 883 764 944 ita
789 902 836 943 ma
851 881 1012 943 existimari
1026 882 1087 942 snio
1146 881 1257 956 Quodsi
1298 897 1299 990 ι

198 968 236 1030 ita
252 978 304 1042 est,
323 987 459 1030 summus
468 965 566 1039 tamen
578 977 655 1028 uerte
666 986 730 1028 non
744 987 829 1041 sum,
845 967 1033 1048 nequeenim
1045 967 1127 1046 apud
1139 967 1256 1028 honines

198 1073 247 1114 res
262 1064 307 1115 εει
321 1054 377 1114 ulla
401 1053 547 1114 difficilior
562 1071 660 1130 neque
683 1053 776 1114 maior
792 1071 890 1132 neque
906 1071 981 1131 quae
995 1052 1081 1131 plura
1105 1053 1257 1113 adiumenta

145 1141 186 1192 85·
201 1139 351 1200 doetrinae
366 1138 518 1200 desideret
541 1140 702 1216 Attamen,
719 1140 861 1218 quoniam
875 1137 912 1198 de
927 1145 1044 1198 oratore
1062 1137 1153 1198 nobis
1169 1139 1256 1216 (lispu-

201 1226 323 1285 tandum
338 1233 390 1301 est,
413 1224 583 1285 desummo
600 1235 715 1286 oratore
738 1225 832 1285 (lirant
852 1241 973 1284 neeesse
995 1232 1055 1296 est3
1076 1223 1123 1283 vis
1147 1224 1220 1285 enim
1237 1231 1257 1280 et
1299 1271 1300 1290 ,

200 1319 303 1370 natura
319 1309 370 1381 rei,
393 1309 450 1370 nisi
465 1311 594 1387 pertenta
610 1317 677 1370 ante
693 1310 795 1370 oeulos
810 1309 940 1389 punitur,
957 1309 1051 1387 qualis
1068 1317 1098 1369 ει
1113 1317 1218 1386 quanta
1229 1307 1256 1367 sit

199 1395 326 1473 intellegi
341 1412 402 1454 non
416 1403 522 1473 potest.
537 1395 583 1455 Me
597 1403 705 1468 autem,
720 1395 827 1468 Catule,
843 1397 937 1456 fateor
951 1411 1049 1474 neque
1064 1393 1157 1454 hodie
1170 1392 1256 1456 inistis

199 1479 282 1541 libris
297 1488 325 1540 et
343 1497 410 1539 enm
433 1479 495 1540 istis
517 1479 689 1541 hominibus
704 1481 802 1542 vivere
824 1498 880 1540 nee
895 1498 975 1552 vero,
995 1478 1024 1539 id
1047 1479 1131 1558 qnod
1147 1488 1179 1540 tu
1195 1487 1256 1540 reru
1300 1507 1301 1522 ι

201 1564 438 1636 commeministi,
453 1565 547 1624 ullum
561 1582 702 1643 umquam
714 1565 851 1628 habuisse
861 1566 1025 1644 sepositum
1039 1572 1161 1643 tempus
1175 1565 1208 1625 ad
1221 1564 1255 1622 li-

202 1649 344 1711 soendum
360 1667 394 1710 ac
407 1657 521 1711 tantum
537 1649 674 1712 tribuisse
688 1651 838 1711 doetrinae
858 1651 1011 1729 temporis,
1034 1661 1181 1728 quantum
1201 1647 1256 1709 mili

85 1728 187 1792 23136·
201 1735 322 1814 puerilis
337 1744 424 1809 aetas,
440 1737 575 1796 lonenses
586 1736 676 1796 leriae
691 1736 900 1798 concesserint.
914 1735 966 1806 Ae,
983 1735 1009 1796 si
1021 1735 1151 1814 quaeris,
1167 1733 1256 1800 Catule

202 1821 239 1881 de
253 1821 386 1881 doctrina
401 1821 454 1882 ista
469 1821 539 1900 quid
558 1839 612 1901 ego
628 1822 763 1901 sentiam,
782 1840 844 1882 nnn
859 1830 972 1882 tantum
988 1821 1147 1898 ingenioso
1162 1819 1258 1880 homini

203 1916 231 1967 ει
246 1906 281 1986 ei,
297 1906 465 1984 quitatum,
481 1906 531 1984 qui
541 1906 659 1978 curiam,
677 1906 847 1985 quieausas,
863 1905 915 1984 qui
926 1923 989 1966 rem
998 1905 1149 1984 publicam
1156 1912 1257 1984 spectet,

286 2045 479 2092 &intimatorem
498 2041 543 2090 der
560 2039 757 2104 gawuhnlieuste
769 2040 900 2091 Ausdruek
918 2037 1094 2091 fir‘Kritiker
1107 2038 1257 2091 nderlimst·

200 2107 316 2166 riantur:
334 2109 425 2160 ehenso
445 2113 581 2160 εεὼιιεεανε
599 2108 631 2164 ΙΙ.
651 2112 675 2175 1,
694 2113 724 2162 3:
742 2113 770 2160 in
788 2113 826 2160 tta
846 2113 948 2172 artetur,
967 2113 996 2160 de
1012 2112 1099 2174 quatuo
1124 2113 1217 2175 aliquid
1225 2125 1256 2158 aa·
1302 2121 1303 2134 ¹

199 2182 306 2230 intimare
318 2195 421 2241 possem.

287 2249 328 2300 84.
347 2250 461 2310 impube,
478 2246 530 2311 νεὶ
541 2263 563 2300 z.
576 2251 599 2311 1,
610 2249 641 2299 2:
660 2255 757 2309 roratu;
776 2249 886 2298 absoluta
904 2257 927 2298 ει
941 2247 1059 2309 perfecta,
1078 2244 1110 2299 ἓν
1120 2243 1168 2300 διὰ
1178 2246 1256 2298 duola:

199 2331 264 2382 ganz
284 2316 461 2378 vollknmmen,
478 2315 557 2366 sowie
573 2317 638 2366 aeoli
656 2319 772 2367 εῠεοιιιιίε
790 2327 812 2367 ει
824 2318 951 2381 perfectio,
969 2313 1052 2366 wolin
1069 2316 1112 2367 nie
1127 2333 1216 2368 mm
1225 2316 1257 2362 at·

199 2389 285 2437 solutio
303 2385 364 2434 oriar
376 2386 493 2448 perfectio
512 2386 588 2436 stelit.

284 2470 307 2570 fi
327 2459 391 2504 iam:
418 2468 490 2503 wann
510 2454 573 2503 (lenn
594 2452 694 2518 einmal,
718 2465 793 2504 wenn
815 2450 943 2516 wirklieh,
967 2452 1016 2502 wie
1033 2451 1053 2504 1.
1073 2456 1116 2517 50,
1137 2453 1200 2514 21&
1224 2451 1256 2509 tt,

199 2525 264 2584 2503
308 2558 314 2571 .
332 2523 357 2585 6,
376 2524 418 2576 25.

287 2594 395 2651 saeptus:
422 2589 527 2652 geziart,
547 2589 594 2639 wie
611 2588 629 2639 l.
644 2593 685 2651 51,
703 2591 767 2643 221:
788 2607 863 2654 mque
875 2592 1033 2653 valtfhrator)
1050 2594 1085 2642 ita
1107 2591 1258 2652 capusum

198 2661 283 2710 stultos
299 2662 385 2720 veteri,
404 2668 432 2709 ut
447 2662 477 2721 ei,
496 2662 542 2724 qui
557 2661 667 2721 audiant,
685 2668 727 2710 aut
736 2663 805 2710 illm
822 2663 930 2722 irreptum
944 2669 966 2710 et
978 2663 1124 2712 manetem
1130 2667 1215 2723 putent
1225 2682 1257 2703 ·-·

283 2732 326 2790 ita,
347 2726 399 2791 vgl.
418 2743 440 2776 z.
463 2730 501 2784 14,
520 2730 569 2780 52:
588 2731 664 2778 aliter.

285 2800 354 2858 apud
368 2799 475 2847 homines
492 2813 532 2846 rea
549 2805 582 2846 eat
598 2818 633 2838 =
652 2799 758 2846 homines
784 2813 834 2848 rem
854 2799 949 2858 imme,
973 2795 1026 2860 vgl.
1050 2797 1121 2847 Brut.
1141 2799 1183 2859 41,
1208 2795 1256 2845 lit:

200 2867 240 2916 Sir
258 2893 292 2902 -
311 2870 427 2928 marimo,
455 2868 518 2916 aare
538 2869 617 2916 rivilla
641 2881 754 2930 maenum
776 2882 847 2914 mum
872 2874 894 2916 rt
916 2868 984 2928 apud
1008 2867 1145 2917 amotum
1162 2875 1184 2916 rt
1203 2863 1257 2925 aaut

199 2937 285 2984 multra
296 2935 387 2998 juisse,
402 2945 476 2984 anm
493 2939 521 2984 s'n
537 2937 580 2983 loe
596 2950 653 2987 uno.

285 3005 419 3054 doetrinae:
446 3017 493 3051 von
512 3001 597 3052 Seiten
616 3002 661 3052 (len
681 3005 798 3062 doctam,
819 3002 858 3052 etl.
879 3002 976 3052 welche
994 3002 1034 3054 din
1048 3007 1124 3054 ἄσειν.
1145 2999 1256 3065 gentum

290 3072 330 3122 85.
346 3073 385 3120 Aa
404 3081 491 3134 tamen,
515 3070 585 3119 nieht
601 3073 639 3122 Aa
655 3081 741 3133 tamen,
766 3086 828 3120 was·
843 3086 892 3122 von
913 3070 964 3122 Cio.
985 3089 1033 3123 nur
1061 3073 1125 3122 nach
1150 3076 1173 3122 et
1188 3073 1255 3120 armet

200 3140 241 3193 od.
255 3142 279 3189 si
285 3155 335 3188 non
344 3139 583 3202 gebrauchtwurde‚
594 3154 668 3189 wenn
677 3154 706 3190 zu
716 3146 796 3189 etwas
809 3137 972 3202 Geringeram
981 3140 1188 3204 herabgestiegen
1196 3135 1255 3186 nul.

286 3211 366 3271 qualit
385 3217 408 3259 et
424 3217 514 3272 quanta
530 3211 571 3260 rit.
590 3206 623 3257 So
636 3207 700 3256 wirtl
717 3223 778 3272 geru
791 3209 836 3258 das
853 3207 944 3271 ObJeet
956 3209 1006 3274 (od.
1016 3207 1099 3273 Subit
1112 3210 1180 3259 eines
1191 3202 1255 3254 Veri.

200 3280 340 3329 &clarentii
355 3277 433 3326 durch
450 3275 505 3326 eine
525 3275 648 3326 indirecta
665 3275 748 3340 Frage
765 3276 940 3328 umsehrielsen
960 3278 1021 3327 oder
1040 3279 1120 3328 nilion
1136 3274 1255 3327 bestimmt-

284 3350 371 3407 einere,
389 3343 429 3399 ain
449 3343 566 3408 Zeugma,
586 3345 617 3395 (la
639 3361 670 3395 zu
685 3349 713 3395 tn
730 3349 801 3396 libris
819 3345 912 3395 danaus
931 3350 1026 3397 oeream
1041 3362 1073 3396 zu
1090 3348 1211 3410 anginam
1223 3341 1255 3389 ist·

199 3413 297 3465 Ebenso
314 3421 391 3464 unten
409 3418 572 3476 oonmsertnt,
591 3428 690 3464 weram
710 3430 742 3464 zu
755 3418 861 3475 metir
872 3419 937 3466 dotas
955 3415 996 3464 ein
1014 3415 1120 3465 anderes
1132 3413 1205 3466 Wort
1217 3407 1255 3456 'ss't

198 3487 386 3546 suppeditaverit
407 3483 446 3532 od.
468 3486 580 3534 astura
597 3497 627 3531 zu
646 3483 771 3546 ergiinzen
790 3481 832 3532 ist.

132 3555 135 3562 '
284 3556 413 3614 sepositum
430 3562 530 3615 tempus,
548 3551 601 3616 vgl.
620 3566 657 3600 or.
674 3554 716 3614 42,
732 3553 795 3604 143:
812 3554 912 3602 Alteros
930 3555 995 3602 enim
1011 3550 1255 3614 respondentem&

198 3628 236 3670 rat
253 3632 312 3685 erat,
328 3633 357 3673 ut
374 3625 404 3684 ei,
421 3626 466 3686 qui
483 3624 599 3685 domm,
617 3625 713 3672 nullm
732 3623 781 3671 sita·
793 3623 826 3670 ad
841 3637 893 3671 sam
905 3624 1116 3683 rmrmpiutpsi
1124 3623 1254 3682 mmm,

199 3692 242 3738 sed
259 3695 336 3741 eodem
353 3701 456 3752 tompore
472 3699 494 3740 et
511 3691 655 3740 dissentitur
672 3691 840 3755 edissererent
853 3699 875 3740 et
892 3692 1075 3740 eomatmrttm.

287 3767 388 3822 tantum,
409 3758 457 3809 wie
475 3761 517 3821 20,
538 3761 577 3810 ll.

281 3832 386 3888 pusilis
403 3839 475 3887 artua,
495 3829 604 3890 smarnos
619 3830 710 3890 seruire
747 3825 798 3876 llas
819 3823 970 3892 asyndeton
988 3825 1057 3877 (lieet
1083 3823 1198 3888 lediglielt
1217 3831 1254 3870 zur

199 3892 360 3945 affeetvollen
377 3895 592 3960 Untenseheidnng
609 3898 659 3946 und
681 3896 809 3958 Betonnng
826 3893 899 3958 jedes
918 3894 963 3945 (lor
981 3894 1070 3945 beiden
1088 3892 1198 3960 Begriffa.
1246 3953 1251 3964 ι

288 3957 342 4018 23·
361 3965 402 4016 86.
413 3967 503 4029 forum
520 3964 586 4014 wind
603 3965 641 4016 als
662 3965 707 4016 der
725 3963 890 4027 gemeinsame
906 3962 1058 4030 Sehanplatz
1073 3963 1148 4014 ‹lurelt
1161 3961 1198 4012 (lie
1209 3957 1252 4006 lm
