2826 4520
173 321 215 385 92
361 317 405 368 un
424 316 586 382 ouaroun,
605 318 648 370 ιιι.
663 318 682 368 ι.
700 333 751 384 up.
765 321 807 370 as.
824 320 864 369 aa.
882 318 896 378 a
911 319 1053 371 rar-rac.

174 493 263 553 opere
291 473 353 534 eius
382 475 413 534 in
443 473 537 532 causis
561 473 700 532 ‘oratione
725 472 869 543 delector3
907 489 988 532 nunc
1018 491 1105 545 vero,
1135 471 1255 548 Crasse,

173 578 239 620 mea
262 576 382 636 quoque
401 559 459 618 iam
481 575 568 618 causa
591 576 680 635 rogo,
710 566 757 629 ut,
792 557 932 634 quoniam
961 566 1076 617 tantum
1103 556 1253 618 habemus

176 644 241 714 otii,
272 651 417 721 quantum
438 643 496 703 iam
520 643 570 702 diu
593 643 679 702 nobis
701 660 762 701 non
785 642 919 720 contigit,
950 660 987 702 ne
1010 643 1139 720 graveris
1161 661 1250 702 exae-

176 730 292 788 dilicare
313 728 341 788 id
365 747 450 806 opus
474 728 553 805 quod
574 727 734 788 instituisti.
769 726 909 786 Formam
928 727 1007 786 enirn
1030 727 1119 787 totius
1142 727 1252 805 negotii

175 814 315 892 opinione
331 813 484 873 meliorem
499 812 700 890 maioremque
715 811 817 882 video,
836 830 925 889 quam
939 812 1128 872 vehementer
1143 811 1251 890 probo.

35 898 88 960 86.
106 905 162 955 165.
174 899 343 970 Enimvero,
365 898 461 975 inquit
481 897 613 972 Crassus,
636 897 736 958 mirari
759 897 827 957 satis
849 914 911 956 non
929 914 1006 972 queo
1023 897 1109 957 etiam
1124 905 1152 956 te
1168 897 1250 966 haec,

176 983 329 1056 Scaevola,
362 983 543 1056 desiderare,
575 1000 650 1060 quae
678 1000 775 1059 neque
797 1000 850 1059 ego
872 981 911 1040 ita
932 989 1035 1054 teneo,
1067 982 1109 1041 uti
1130 982 1167 1052 ii,
1199 983 1252 1059 qui

177 1070 299 1140 docent3
321 1085 420 1146 neque
442 1076 511 1128 sunt
533 1067 595 1128 eius
611 1067 735 1146 generis,
759 1075 799 1138 ut,
823 1066 847 1126 si
870 1066 979 1144 optime
1000 1073 1142 1138 tenerem,
1163 1066 1251 1144 digna

110 1210 134 1232 „
178 1161 276 1214 essent
293 1154 346 1213 ista
369 1152 509 1231 sapientia
530 1171 563 1211 ac
585 1152 641 1212 tuis
664 1151 795 1211 auribus.
839 1151 895 1211 Ain
917 1148 973 1210 tul
1002 1151 1099 1228 iuquit
1119 1151 1175 1210 ille.
1221 1152 1251 1210 Si

177 1239 213 1299 de
235 1238 296 1298 istis
324 1236 533 1297 communibus
556 1245 584 1297 et
604 1237 766 1315 pervagatis
789 1236 836 1296 vir
863 1235 933 1295 huic
959 1236 1043 1296 aetati
1071 1235 1252 1296 audiendum

177 1330 271 1402 putas,
292 1323 418 1382 etiamne
440 1323 485 1381 illa
506 1321 659 1400 neglegere
674 1339 844 1400 possumus
866 1339 939 1398 quae
956 1329 987 1380 tu
1005 1321 1115 1380 oratori
1138 1339 1254 1400 cogno·

177 1406 285 1467 scenda
306 1425 370 1466 esse
389 1406 502 1476 dixisti,
523 1406 559 1465 de
582 1407 694 1466 naturis
716 1406 889 1480 hominum,
913 1406 948 1466 de
971 1406 1121 1478 moribus,
1145 1406 1180 1465 [le
1203 1425 1252 1464 ra-

176 1490 307 1552 tionibus
325 1490 379 1564 iis,
410 1489 517 1568 quibus
534 1490 690 1550 hominum
711 1499 823 1551 mentes
846 1500 874 1551 et
896 1491 1087 1551 incitarentur
1106 1499 1135 1550 et
1154 1491 1255 1568 repri-

178 1584 344 1648 merentur,
378 1576 413 1635 de
436 1575 574 1647 historia,
605 1574 641 1634 de
663 1575 848 1652 antiquitate,
882 1575 917 1634 de
937 1575 1187 1636 administratione
1210 1576 1254 1635 rei

178 1659 320 1740 publicae,
343 1660 471 1738 deniqne
494 1660 530 1720 de
551 1669 653 1720 nostro
676 1660 740 1737 ipso
767 1661 832 1720 iure
855 1657 956 1719 civili?
991 1660 1073 1720 Hanc
1096 1659 1175 1720 enim
1198 1678 1257 1738 ego

179 1764 300 1805 omnem
330 1746 479 1806 scientiam
512 1754 540 1805 et
561 1746 677 1823 copiam
698 1763 800 1805 rerum
823 1744 854 1804 in
877 1754 927 1804 tua
949 1745 1103 1823 prudentia
1124 1743 1254 1804 sciebam

176 1833 291 1902 inesse3
310 1830 343 1890 in
365 1831 489 1891 oratoris
505 1849 574 1890 vero
592 1831 790 1890 instrumento
813 1836 871 1889 tarn
894 1830 1001 1891 lautam
1023 1829 1260 1908 suppellectilem

177 1933 342 1992 numquam
363 1915 503 1976 videram.

108 2009 165 2060 166.
263 1999 350 2059 Potes
371 2000 468 2078 igitur,
488 1998 586 2077 inquit
599 1998 731 2071 Crassus,
755 1999 856 2058 utalia
878 1999 1009 2058 omittam
1030 1997 1256 2058 innumerabilia

179 2092 207 2144 ct
227 2083 372 2144 immensa
401 2093 430 2144 et
458 2085 494 2144 ad
522 2085 622 2162 ipsum
645 2083 727 2142 civile
762 2083 809 2144 ius
843 2091 928 2143 tuum
957 2082 1088 2155 veniam,
1121 2091 1259 2143 oratores

178 2176 281 2246 putare
301 2187 370 2240 eos,
401 2169 477 2246 q'uos
496 2169 601 2228 multas
629 2167 717 2227 horas
748 2168 940 2246 exspectavit,
971 2168 1092 2228 cumin
1115 2185 1259 2246 campum

248 2357 275 2404 ιἰι
291 2355 370 2404 causis
394 2353 503 2402 orations
527 2351 608 2400 bildot
636 2349 709 2400 einen
727 2351 834 2416 Regalis,
865 2352 915 2402 wic
938 2367 983 2401 aus
1003 2352 1047 2401 dor
1067 2351 1257 2416 Wortstclluag

177 2423 271 2471 horror
289 2423 340 2470 cht.

245 2437 362 2552 arguaris,
386 2487 432 2535 mit
450 2487 495 2536 der
511 2486 553 2536 bei
571 2485 621 2536 Cic.
641 2487 782 2538 seltenarcn
799 2486 906 2553 Endung
923 2494 987 2538 statt
1005 2505 1117 2554 provere:
1145 2505 1186 2539 mn
1207 2491 1255 2541 dan

179 2556 267 2605 Hiatus
286 2571 317 2604 zu
334 2554 485 2605 vcrmcidon.

241 2627 367 2689 sormam:
390 2624 435 2674 dar
455 2622 562 2684 Umriss,
585 2623 637 2687 vgl.
656 2624 686 2673 dc
706 2624 745 2674 oll.
766 2623 783 2674 l.
806 2627 830 2688 5,
855 2627 898 2676 14:
922 2627 1036 2676 Formam
1054 2630 1148 2689 quidem
1166 2631 1257 2690 ipsam,

178 2691 263 2744 Marce
273 2695 325 2754 flii,
345 2702 506 2756 utrumquem
517 2694 608 2756 facim
625 2695 719 2743 honesti
733 2697 804 2745 vides.

250 2757 303 2818 36.
327 2763 383 2813 165.
415 2779 465 2812 non
482 2778 551 2826 queo,
568 2777 596 2810 so
614 2760 700 2810 immor
719 2761 760 2811 boi
779 2761 830 2810 Cic.
850 2766 916 2810 statt
931 2778 1026 2826 nequeo.

250 2831 318 2879 ‘Ain’
338 2833 384 2880 tu?
409 2829 464 2880 aine
484 2830 539 2880 dam
557 2828 796 2879 Conversotionston
818 2829 970 2894 angcho'rigc
987 2828 1063 2878 Form
1084 2831 1129 2881 dcr
1148 2830 1255 2882 Wider-

83 2956 87 2962 Ι
179 2896 287 2964 lcgmg,
312 2897 363 2962 vgl.
383 2898 451 2948 Brut.
471 2901 513 2961 41,
535 2900 596 2950 152:
627 2901 676 2948 Hic
694 2901 801 2949 Brutus:
833 2896 891 2950 ‘aio’
910 2895 962 2949 tut’
990 2901 1072 2962 inquit
1099 2899 1208 2950 ‘etiamne
1227 2902 1258 2959 Q.

179 2967 304 3017 Scaeuolae
324 2969 434 3017 Scromm
451 2977 563 3018 nostrum
581 2969 723 3027 anteponis?

245 3041 394 3100 pervagatis.
431 3035 490 3098 Vgl.
509 3034 550 3086 lll.
570 3037 613 3097 ts,
634 3036 695 3087 188:
713 3038 770 3085 laco
788 3052 859 3095 opera
876 3038 997 3087 cotidiana
1014 3045 1035 3086 et
1047 3045 1197 3100 pervagata:

249 3107 290 3153 ιιιίι
311 3107 369 3153 huic
385 3108 464 3168 aelati,
484 3103 535 3166 vgl.
552 3105 576 3165 2,
596 3106 627 3154 5:
644 3107 686 3153 vic
702 3113 759 3154 aunt
775 3107 819 3154 loo
835 3114 910 3156 odota
926 3108 1007 3169 digna.

216 3175 279 3288 dds
303 3175 399 3222 naturis
424 3175 548 3222 lominum
577 3177 637 3221 cet:
673 3170 750 3221 nuit
777 3172 826 3222 und
855 3170 1037 3239 Psychologio,
1067 3172 1119 3235 vgl.
1149 3174 1188 3238 11,
1220 3177 1256 3227 48

179 3256 213 3290 un
252 3242 291 3302 12,
311 3242 351 3292 53.
1221 3289 1224 3293 .

250 3311 341 3371 copiam
357 3322 480 3372 rerum,s
506 3323 527 3358 z.
550 3308 590 3372 19,
610 3309 651 3360 85.

251 3382 422 3442 instrumento,
441 3375 490 3426 wic
508 3386 639 3438 apparatus
657 3377 707 3426 und
725 3381 846 3440 supportes
865 3375 953 3426 immor
971 3375 1090 3426 collectiv
1107 3375 1258 3438 gebraucht.

252 3448 308 3498 166.
329 3449 415 3510 aanor,
436 3445 508 3495 neml.
527 3443 557 3495 dn
576 3445 608 3494 du
626 3443 725 3507 maiust,
743 3445 800 3495 dass
819 3460 840 3494 z.
853 3444 879 3494 B.
897 3444 938 3494 dio
955 3443 1091 3496 licuntniss
1106 3444 1148 3494 dcs
1161 3441 1257 3496 Rechts

180 3511 222 3564 liir
238 3515 285 3566 tlon
304 3514 404 3565 lledner
423 3514 461 3564 als
478 3513 580 3564 solchcn
601 3512 671 3562 nicht
690 3509 853 3563 erfordorlich
871 3512 916 3562 sci.
951 3512 986 3562 Er
1004 3511 1082 3578 graift
1102 3512 1257 3562 absichtlich

181 3581 228 3632 sicu
247 3584 301 3633 dem
319 3582 428 3634 Sciivoln
446 3597 486 3633 am
507 3582 627 3632 oiichstan
651 3580 783 3644 lingendan
800 3578 884 3629 Puukt
902 3587 986 3631 zuerst
1004 3583 1102 3632 hornus.
1138 3580 1197 3645 Vgl.
1216 3597 1256 3631 or.

182 3651 223 3712 ³4,
245 3654 305 3703 119:
329 3655 376 3703 Jus
392 3655 459 3702 civile
475 3660 553 3701 teneat
570 3647 681 3712 (orator),
700 3667 746 3712 quo
766 3657 833 3712 cpont
849 3665 933 3698 causac
938 3650 1051 3710 forenses
1071 3654 1161 3701 cotidr'e.
1191 3649 1260 3707 Quid

124 3744 159 3768 f·
181 3728 215 3768 est
233 3722 297 3768 enim
321 3725 418 3782 turpius
441 3736 514 3784 quam
539 3721 699 3782 loyr'ts'marum
717 3727 739 3768 et
758 3719 864 3766 statatum
886 3723 1104 3768 controversiarum
1115 3721 1258 3780 patroania

179 3791 306 3849 aucupare,
325 3805 378 3837 cum
395 3791 430 3838 sis
447 3793 524 3852 ispum
545 3794 567 3836 et
585 3789 647 3836 iuris
665 3789 744 3836 ciuilia
761 3786 879 3849 synam?
905 3851 934 3864 ..
1011 3853 1017 3865 ο

180 3922 224 3972 aa
245 3870 360 3986 slata
379 3865 531 3974 ‘saltat
542 3851 738 3984 1111ἵὲῗὲῗέ
750 3851 1257 3972 tttltltttttlluctata

179 3995 332 4052 crusmate,
357 3991 390 4041 da
405 4006 432 4043 cs
451 3991 495 4042 iliu
513 3992 577 4040 nach
597 3990 652 4039 dam
670 3987 789 4054 Ballspial
808 3986 855 4038 aul
876 3989 930 4040 (lem
951 3988 1087 4042 Marslcldc
1107 3987 1255 4054 vorlangt03
