2814 4526
376 321 419 372 nn
439 321 773 388 sussuranensis
794 325 834 375 er.
854 325 867 386 s
888 325 947 377 265.
1135 325 1197 390 145
1235 373 1237 383 ,

120 479 266 559 qnoniam
301 479 331 538 in
367 479 579 561 Tusculanum·
600 479 644 540 ire
674 478 839 559 constituit,
870 481 991 558 paulurn
1024 481 1199 560 requiescet,

120 567 196 626 dnm
214 583 245 625 se
266 564 345 623 calor
367 567 496 642 franget,
525 573 554 623 et
573 582 629 624 nos
651 563 722 640 ipsi,
752 566 893 643 queniam
922 565 951 624 id
982 567 1122 644 temperis
1145 575 1199 639 est,

119 650 285 712 valetudint
313 649 417 710 demus
441 667 569 728 operam.
613 648 724 708 Placuit
752 650 793 709 sie
816 649 963 711 omnihus.
1009 651 1086 711 Tnnr
1108 652 1199 712 Scae-

123 737 204 796 vola:
228 736 320 805 Sene,
346 733 456 812 inquit,
485 733 589 793 vellem
616 750 677 793 nen
701 735 920 796 constituissem
942 736 973 795 in
996 736 1198 797 Tusculanum

122 841 173 882 me
188 820 278 882 hodie
294 828 450 880 venturum
468 837 531 879 esse
547 819 579 878 L.
596 819 686 880 Aelio.
722 817 861 880 Libenter
880 821 1012 882 audirem
1026 821 1199 883 Antonium.

122 907 170 979 Et,
196 924 265 966 eum
288 914 467 984 exsurgeret,
491 904 580 964 simul
598 903 751 964 adridens:
774 905 876 983 Neque
898 906 986 978 eninr,
1007 906 1116 984 inquit,
1138 916 1198 968 tarn

122 991 199 1052 mihi
219 991 361 1051 molestus
382 989 452 1066 fuit,
487 988 569 1068 qued
596 989 643 1049 ius
669 998 806 1050 nostrum
838 988 920 1051 civile
941 993 1076 1070 pervent,
1109 1011 1198 1070 quarn

121 1077 284 1148 iucundus,
308 1074 387 1153 quod
410 1093 442 1136 se
463 1073 493 1145 id
514 1073 628 1134 nescire
650 1077 805 1135 confessus
829 1084 881 1136 est.
1196 1104 1198 1110 ι

124 1229 336 1239 -0———n-

196 1314 255 1364 265.
291 1315 405 1376 quoniam
425 1313 453 1360 in
471 1313 636 1362 Tusculanum
653 1315 689 1362 e're
707 1314 838 1363 constituit.
870 1308 931 1376 Vgt
945 1313 975 1362 ad
988 1313 1042 1362 Att.
1058 1311 1100 1364 lv.
1115 1315 1155 1377 16,
1170 1316 1206 1366 3:

123 1385 200 1434 multo
217 1398 259 1446 eye
277 1384 353 1446 mauis
369 1383 413 1430 laer
430 1383 491 1431 mide*
508 1382 636 1432 cavendum
650 1383 739 1442 petam·
757 1379 785 1446 (ι’.
805 1397 824 1430 e.
844 1398 875 1430 ne
892 1385 1009 1432 homiuem
1027 1385 1055 1432 id
1070 1386 1154 1433 aetates
1172 1388 1199 1433 in

122 1464 174 1502 tem
193 1455 264 1515 lonqo
281 1466 387 1500 sermone
405 1451 497 1499 diutius
514 1449 647 1511 retinerem)
663 1452 689 1498 in
702 1453 814 1512 scaevola,
835 1453 881 1514 qui
896 1460 918 1500 et
936 1461 1009 1502 aetate
1026 1461 1048 1502 et
1065 1454 1202 1503 walendene

123 1529 178 1574 erae
197 1537 234 1582 ea,
252 1535 302 1583 que
320 1535 372 1569 eum
391 1533 439 1568 esse
455 1520 587 1568 meministi
593 1537 601 1579 ,·
619 1528 640 1568 et
660 1521 692 1568 e‘e'e
710 1521 740 1567 e'e'e
760 1520 907 1582 honeribus,
925 1529 953 1569 ut
968 1523 1078 1571 vineatis
1090 1524 1201 1572 devorem

123 1592 249 1640 videretur
267 1590 418 1650 sumpturis
437 1589 486 1636 de'ee
501 1603 548 1636 esee
565 1590 592 1636 e'ee
609 1589 693 1637 Crassi
700 1590 842 1638 Tusculano.
870 1587 942 1636 Aueh
959 1588 1035 1639 sollte
1056 1589 1133 1640 durch
1154 1589 1200 1638 den

122 1659 235 1722 Abgung
262 1657 305 1706 des
332 1654 442 1706 Seilvole
468 1655 513 1704 das
541 1651 676 1705 Auftreten
705 1655 748 1704 des
781 1653 808 1707 C.
832 1655 912 1704 Julius
940 1655 1019 1706 Ciisnr
1045 1656 1137 1707 Strabo
1167 1657 1202 1707 ine

125 1731 149 1780 2,
167 1727 239 1776 Bueh
259 1723 377 1774 motivirt
394 1724 503 1787 werden,
521 1723 631 1774 welches
647 1739 697 1772 von
715 1724 766 1774 ihm
784 1724 823 1772 die
842 1722 1005 1788 Mistheilnng
1025 1726 1087 1776 iiber
1108 1726 1147 1776 die
1167 1727 1201 1782 irn

125 1795 299 1846 Tusculanum
317 1793 360 1843 des
379 1791 484 1842 Crassus
503 1793 680 1843 stuttfindeude
699 1791 873 1855 Unterredung
891 1792 989 1842 erhielt.

196 1866 372 1914 consuluissem
394 1879 430 1912 me
453 1871 579 1912 emturum
601 1863 632 1913 n.
655 1863 733 1912 Aelio.
779 1861 844 1928 vgl,
860 1861 899 1911 die
923 1877 945 1910 z.
965 1864 1006 1927 58,
1030 1864 1076 1915 20:
1100 1867 1128 1913 ire
1150 1880 1202 1914 rem

118 1942 274 1996 praesentem
303 1931 388 1981 eitirte
413 1929 493 1980 Stelle
517 1931 547 1980 de
573 1929 613 1980 off.
637 1929 657 1980 l.
685 1933 724 1994 10,
750 1930 790 1981 32.
826 1929 899 1980 Alius
925 1929 959 1980 ist
976 1930 1021 1980 der
1040 1947 1071 1981 zu
1089 1935 1131 1994 42,
1152 1934 1202 1984 193

122 2002 259 2054 erw‘dlmte
279 1995 556 2050 Altertlrumsforseher.

196 2073 263 2135 quod
284 2085 308 2120 se
332 2071 360 2120 id
382 2072 473 2119 nescire
498 2069 621 2130 eonfeesue
643 2077 683 2119 est.
721 2066 806 2117 Darnit
825 2067 880 2130 gibt
897 2066 1006 2118 Seiivola
1023 2068 1118 2118 zuletzt
1136 2069 1202 2117 noch

123 2143 149 2191 iu
176 2136 351 2190 seherzhufter
368 2137 457 2189 Weise
481 2153 512 2187 zu
535 2137 685 2199 verstehen,
709 2137 823 2186 weleheu
851 2135 943 2187 Werth
967 2135 1006 2186 die
1028 2152 1107 2201 gunzo
1133 2135 1201 2186 Aus-

123 2209 356 2270 einandersetzung
374 2207 417 2256 des
433 2204 557 2256 Antonius
575 2206 637 2255 iiber
657 2205 700 2254 das
718 2208 757 2256 ius
774 2207 841 2256 ciuile
860 2205 885 2256 in
904 2206 989 2256 seiuen
1004 2206 1091 2270 Augen
1109 2205 1183 2258 habe.

179 4082 258 4123 Cicero
272 4081 300 4121 de
312 4079 404 4122 oratore.
424 4079 441 4119 Ι.
