2682 4516
1080 17 1280 120 η

39 367 42 406 5
209 329 269 395 11ss
400 331 443 382 on
462 329 624 397 onerose,
641 332 685 384 ιιι.
700 330 741 384 ιιι
761 347 814 398 op.
827 333 870 386 46.
887 329 904 397 ς
919 333 1062 386 reo—191.

39 407 42 436 t

38 445 47 577 1
136 488 195 542 100.
207 485 387 570 dubitetipne
401 487 579 566 respondeo.
610 487 672 566 Ego
689 505 774 567 vero,
796 486 892 566 inquit
906 487 1071 559 Antonius,
1089 488 1191 548 inveni
1212 487 1274 558 1616,

208 589 297 651 quem
312 590 449 652 negarem
465 573 496 633 in
511 591 556 653 eo,
573 590 661 651 quem
672 573 786 650 scripsi,
800 571 897 634 libello
912 591 960 633 me
975 573 1125 634 invenisse
1136 573 1271 650 eloquen-

207 665 275 719 tenn
304 657 361 718 Sed
377 678 412 720 eo
434 667 462 719 te
478 677 516 720 ne
537 658 675 719 laudandi
691 657 811 737 quidem
831 676 920 720 censo
939 658 1137 737 interpellavi,
1157 657 1271 736 nequid

212 742 320 805 dehoc
335 751 392 804 tom
410 745 515 823 exigue
531 744 678 805 sermonis
700 743 744 804 tui
765 753 899 822 tempore
914 741 1005 804 verbo
1026 761 1089 805 uno
1106 761 1174 804 meo
1189 743 1274 804 demi·

141 835 198 887 190.
211 837 361 891 rueretur.
391 830 474 890 Hunc
496 830 598 910 igitur,
614 829 736 890 Crassus
751 829 861 907 inquit,
884 828 920 889 nd
942 830 1038 908 legem
1054 846 1125 890 cum
1141 828 1274 891 exercite·

210 913 290 974 tione
306 921 369 975 tum
385 915 467 990 stilo,
492 914 542 993 qui
559 923 588 976 et
602 915 655 977 alin
669 923 699 975 et
719 915 777 976 hoc
792 914 918 976 maxime
934 923 1020 974 ornet
1040 932 1074 974 ec
1095 913 1195 988 limat,
1216 915 1272 974 ior·

210 1000 317 1060 manda
332 999 418 1061 uobis
429 1001 522 1062 oratio
533 1008 584 1061 est.
607 1001 709 1079 Neque
723 1011 820 1061 tamen
836 1000 894 1060 hoc
904 999 975 1060 tanti
989 998 1098 1060 loboris
1110 1007 1165 1072 est,
1181 1000 1272 1078 quenti

209 1084 341 1164 videtur3
367 1104 423 1146 nec
445 1094 516 1146 sunt
536 1086 607 1146 hoec
622 1085 859 1164 rhythmicorum
875 1094 926 1146 eut
940 1085 1127 1146 musicorum
1142 1085 1273 1146 acerrime

209 1187 314 1232 norme
329 1171 493 1250 dirigende:
509 1171 698 1232 efficiendum
710 1179 754 1232 est
767 1171 839 1232 iliud
856 1169 946 1231 modo
960 1169 1058 1244 nobis,
1074 1187 1113 1231 ne
1128 1170 1201 1232 fluet
1213 1189 1272 1231 ere-

208 1255 259 1335 tio,
274 1273 312 1316 ne
323 1265 451 1334 vagetur,
466 1274 504 1317 ne
515 1257 628 1318 insistet
637 1256 770 1330 interius,
786 1274 824 1316 ne
838 1264 975 1318 excurret
988 1256 1125 1336 longius,
1141 1265 1175 1318 ut
1185 1273 1271 1318 mem-

209 1339 271 1402 bris
286 1340 489 1423 distinguetur,
504 1351 537 1402 ut
551 1342 760 1402 conversiones
778 1341 882 1402 haheat
896 1340 1051 1402 absolutes.
1082 1341 1188 1420 Neque
1202 1359 1272 1402 sem·

209 1444 263 1505 per
277 1425 420 1487 utendum
436 1435 480 1487 est
493 1428 684 1506 perpetuitate
696 1436 725 1488 et
739 1427 822 1505 quasi
834 1427 1029 1488 conversione
1044 1426 1215 1499 verborum,
1230 1425 1271 1486 sed

209 1528 295 1589 saepe
307 1511 450 1590 carpenda
466 1512 606 1573 menrbris
622 1511 830 1574 minutioribus
842 1513 934 1572 oratio
948 1522 1000 1588 est,
1016 1530 1092 1591 quae
1108 1521 1207 1574 tumen
1221 1512 1272 1590 ipso

140 1606 199 1658 161.
212 1595 344 1660 membre
359 1605 428 1658 sunt
451 1597 582 1659 numeris
602 1597 762 1658 vincienda,
792 1597 894 1676 Neque
909 1616 963 1658 vos
986 1615 1082 1676 paeon
1102 1608 1153 1660 ant
1175 1597 1273 1658 herous

280 1802 337 1853 189.
360 1803 452 1852 libello:
474 1799 519 1851 der
535 1797 723 1864 Jugendscirriit
743 1800 785 1850 des
805 1799 926 1851 Antonius
949 1803 978 1851 de
995 1804 1091 1851 ratione
1110 1803 1211 1864 dmeudd,
1229 1799 1270 1863 vri

208 1885 229 1920 z.
251 1871 296 1931 14,
316 1872 356 1922 54.
391 1869 429 1918 Zu
447 1869 501 1919 dem
521 1867 678 1919 Relativsatz
695 1885 764 1934 quem
788 1873 876 1932 scripsi
891 1869 942 1934 vgl.
963 1867 993 1920 11.
1012 1873 1044 1931 3,
1067 1871 1111 1922 ii:
1138 1873 1195 1932 me,
1219 1871 1273 1934 qued

207 1941 364 2000 suscepimus,
387 1955 488 2000 munus,
516 1934 597 1987 woi'dr
622 1939 685 1988 noch
702 1939 757 1987 dem
775 1937 997 2003 Spruchgebrauch
1018 1937 1121 1988 Ciceros
1146 1937 1217 1988 nicht
1238 1936 1270 1986 dir

207 2005 276 2060 Part.
294 2005 360 2058 Peri.
379 2013 476 2072 gesetzt
494 2006 593 2057 werden
612 2006 737 2070 kiinnten,
764 2006 823 2056 vveil
840 2007 918 2056 durch
938 2006 1006 2058 diese
1025 2007 1065 2056 die
1086 2005 1194 2071 Obiecto
1214 2007 1270 2056 uicit

207 2075 333 2127 bestimmt
353 2091 435 2140 genug
460 2074 631 2140 (hinsichtlicir
652 2076 696 2125 der
718 2075 872 2127 hundelndeu
892 2073 999 2142 Person)
1017 2075 1167 2127 bezeichnet
1187 2076 1270 2125 witer.

275 2148 360 2209 eripere
376 2150 492 2196 sermome
509 2148 548 2196 tui
565 2154 676 2207 tempore,
695 2143 742 2194 mit
761 2144 914 2210 Auspielunp
931 2142 976 2195 661
994 2146 1037 2208 21,
1057 2147 1098 2196 81.
1319 2167 1320 2240 p

276 2217 452 2264 deminueretur
466 2237 498 2255 ==
512 2217 640 2264 minuendo
660 2217 806 2273 demersere
823 2214 874 2278 vgl.
894 2217 936 2275 44,
957 2215 1022 2266 ive:
1042 2217 1214 2277 commoneres.

279 2285 334 2335 100.
354 2286 433 2346 leem,
451 2282 512 2335 dh.
527 2282 590 2332 iiber
603 2281 643 2333 die
667 2282 821 2349 rythmiscire
834 2281 985 2347 Gesteltung
1001 2282 1046 2332 der
1063 2282 1146 2346 Nede;
1168 2285 1270 2335 mee-
1318 2257 1319 2334 i

208 2356 286 2402 te'mee:
302 2351 443 2401 rniindliche
461 2349 571 2414 Uebnng.
1317 2353 1318 2430 1

276 2422 344 2482 etilo,
368 2420 418 2484 vgi.
437 2418 455 2471 1.
478 2422 519 2483 33,
544 2422 605 2472 15οε
632 2423 709 2471 Stilus
731 2422 832 2481 optemus
858 2429 892 2471 eet
909 2430 930 2470 et
944 2423 1170 2481 praestantissimus
1184 2419 1272 2471 -eeerrt‘

206 2491 302 2554 offertor
317 2504 344 2538 ae
361 2493 481 2552 mepmter.
1316 2447 1317 2524 1

270 2557 406 2619 formanda
423 2579 458 2598 ==
475 2559 628 2618 expolienda,
649 2572 668 2606 s.
687 2571 709 2606 z.
729 2558 771 2619 26,
792 2557 847 2610 103.

276 2628 453 2687 remediatoris,
474 2624 537 2678 Gen.
556 2625 599 2674 des
619 2622 828 2686 Eriordernisses,
845 2625 957 2675 welcher
975 2625 1045 2674 nicht
1065 2625 1144 2676 durch
1164 2622 1266 2676 6661111.

209 2697 303 2744 ersetzt
322 2694 424 2744 werden
440 2693 521 2756 kenn3
546 2693 596 2757 vgl.
616 2692 634 2743 1.
653 2696 695 2757 60,
715 2695 778 2746 257:
803 2699 873 2745 etitem
892 2697 931 2745 ille
948 2703 1016 2756 tues,
1035 2711 1108 2758 quem
1126 2705 1155 2747 tu
1173 2711 1223 2746 cem
1239 2694 1268 2740 di·

207 2767 269 2813 eiste'
279 2765 438 2825 perfectorem
456 2765 553 2814 diemde·
570 2779 618 2812 eece
635 2779 663 2813 ar
679 2765 830 2827 mepietrmm,
852 2765 924 2814 mette·
939 2767 1035 2814 eedorr'r
1055 2774 1097 2814 eet.

278 2849 368 2883 norme.
404 2830 438 2881 Es
454 2831 547 2881 kiinnte
565 2829 640 2880 duitir
660 2832 724 2880 euch
743 2835 777 2881 ad
794 2849 903 2882 normam
919 2829 1035 2893 heissen,
1052 2830 1103 2881 wic
1122 2829 1139 2882 1.
1159 2834 1200 2890 28,
1219 2831 1268 2882 tet:

210 2903 244 3017 fd
259 2902 321 2951 done
337 2905 518 2952 similitudieem
535 2903 608 2951 herim
624 2901 751 2951 16661666
762 2904 893 2952 oratoriam
914 2903 1008 2952 medem
1024 2904 1174 2966 dirr'pemm
1192 2900 1268 2950 ebeno

224 2969 289 3029 .31,
310 2971 366 3022 141.

272 3040 354 3100 flerat:
373 3037 588 3089 nnunterbroohen
606 3037 657 3086 und
677 3043 810 3100 monotes,
828 3038 878 3089 wie
895 3037 937 3088 ein
955 3041 1033 3090 emmiu
1046 3042 1217 3102 preceptum,
1235 3039 1267 3086 te.

214 3105 275 3167 ree,
296 3108 381 3169 fluores
405 3110 482 3157 oratio
506 3106 575 3156 steht
596 3120 631 3155 or.
651 3107 697 3169 58,
718 3107 766 3160 108
789 3123 812 3158 u
831 3108 873 3169 65,
893 3109 951 3160 220.
987 3105 1045 3171 vsi.
1074 3106 1138 3157 eben
1160 3106 1267 3170 48186

206 3177 342 3239 prosterne.

280 3253 393 3308 cupetur,
412 3258 432 3294 s·
452 3245 493 3304 44,
515 3245 568 3294 176.

279 3315 396 3362 e'memm:
412 3327 443 3361 zn
461 3309 526 3373 iriih,
544 3325 591 3360 vor
611 3310 665 3360 dem
686 3325 878 3374 nngemessenen
891 3311 1026 3363 Abschinss
1041 3313 1087 3363 der
1101 3311 1204 3363 Perinde
1220 3308 1268 3358 oder

212 3380 292 3430 bever
309 3380 348 3431 die
367 3383 487 3431 conversio
506 3379 561 3430 eine
579 3381 686 3430 66661666
705 3379 752 3445 ist,
772 3380 824 3444 vgl.
846 3383 888 3444 48,
909 3382 966 3434 186.

280 3455 410 3515 Neque=
426 3453 508 3514 Neque
524 3458 612 3507 tamem,
631 3463 651 3497 s.
672 3464 693 3499 z.
711 3451 752 3510 31,
774 3450 829 3501 123.

279 3521 406 3580 carpenda.
438 3516 466 3568 Ιιι
484 3517 575 3567 diesem
587 3515 663 3566 Since
682 3532 731 3566 von
749 3521 881 3579 discerpere
899 3518 992 3568 kommt
1012 3535 1110 3582 carpere
1126 3523 1194 3568 sonet
1211 3511 1265 3563 uicit

211 3585 290 3636 leicht
308 3587 350 3638 bei
368 3587 419 3636 Cic.
438 3601 492 3637 vor.

279 3660 386 3706 eemerr'e
404 3657 543 3705 vincenda:
568 3652 632 3702 nach
652 3653 839 3718 rhythmischen
858 3653 981 3705 Gesetzen
1002 3654 1146 3707 verbinden
1176 3652 1264 3716 vgtm.

213 3725 254 3784 61,
273 3727 335 3776 223:
363 3741 425 3788 quae
448 3728 543 3775 ireieim
564 3732 607 3772 eut
630 3725 777 3774 membratim
793 3727 940 3787 efferentur,
963 3742 991 3774 ea
1013 3729 1051 3774 rel
1068 3728 1186 3788 apm‘eeime
1200 3721 1265 3770 W

213 3793 308 3856 debent,
328 3803 355 3842 ut
374 3803 408 3844 eet
425 3796 493 3854 epea
507 3809 544 3843 me
561 3790 597 3857 (p.
618 3789 704 3840 Sceur.
723 3807 745 3844 c.
767 3795 824 3856 45)ι
845 3796 929 3843 domur
947 3796 993 3844 tier·
1005 3795 1104 3844 deerat?
1126 3803 1150 3844 64
1168 3791 1266 3840 Mitius:

209 3865 468 3923 mentemmentdm?
484 3870 510 3911 at
521 3862 619 3926 operes,-
635 3861 692 3910 duee
708 3863 780 3912 inee'ee
794 3864 856 3912 diem
876 3871 932 3912 runt
948 3871 1078 3926 praetorem·
1096 3871 1121 3912 at
1138 3859 1262 3912 menbra&

213 3945 274 3993 quae
293 3940 425 3992 sequemur
442 3933 504 3980 duo:
523 3930 662 3979 ‘tumerem'
678 3946 758 3980 amens
775 3934 803 3980 e'er
820 3933 955 3990 commem,
972 3936 1001 3982 e'e
1018 3934 1110 3982 meror
1127 3935 1221 3981 ierem
1236 3929 1261 3972 r'r·

213 4001 317 4046 reniret!
349 4000 443 4048 Deinde
460 4001 541 4048 errem
557 4009 677 4060 remquam
694 4002 813 4060 crepidine
831 4003 935 4064 quedam
954 4003 1158 4064 eempredeeer'errr
1175 3997 1260 4060 166911*
