2736 4528
338 311 381 364 111
400 311 562 378 11111111,
582 312 625 364 11.
641 311 660 367 1,
679 319 774 379 111.
792 315 861 376 cu.
881 319 918 368 15.
1123 313 1163 380 17

82 473 187 534 stituto
219 469 397 530 diuturnitas
419 469 498 547 pacis
521 469 613 529 otium
642 469 839 547 confirmavit,
866 490 954 531 nemo
984 473 1046 530 1111
1067 470 1161 533 laudis

85 557 217 637 cupidus
248 555 420 615 adulescens
449 572 511 614 nou
541 554 595 614 sibi
620 553 656 614 ad
682 554 840 616 dicendum
863 557 958 617 studio
989 557 1072 617 omni
1097 559 1163 618 cni-
1190 571 1192 578 ’

85 643 213 704 tendum
236 640 357 720 putavit.
399 641 442 700 Ac
461 639 558 717 primo
578 639 697 718 quidem
717 641 807 702 totius
829 642 949 702 rationis
971 641 1080 723 ignari,
1111 644 1163 722 qui
1263 701 1270 712 ,

86 747 185 806 neque
209 725 423 787 exercitationis
440 725 528 785 ullam
545 725 621 786 viam
637 743 733 804 neque
751 727 868 805 aliquod
888 735 1076 806 praeceptum
1092 728 1161 790 artis

86 833 152 874 esse
183 812 406 883 arbitrarentur,
439 817 568 883 tantum,
604 818 746 888 quantum
775 812 893 890 ingenio
927 821 956 872 et
988 813 1160 890 cogitatione

49 929 53 938 ·
86 906 234 978 poterant,
262 895 535 974 consequebantur:
556 903 624 974 post
643 905 741 956 autem
762 898 866 958 auditis
888 896 1053 959 oratoribus
1069 898 1161 958 Grae-

89 985 132 1044 cis
154 981 339 1062 cognitisque
358 999 462 1042 eorum
475 981 575 1041 litteris
590 980 785 1060 adhibitisque
808 983 978 1044 doctoribus
997 983 1160 1043 incredibili

88 1069 218 1146 quodam
252 1066 347 1127 nostri
376 1067 511 1128 homines
537 1066 651 1126 dicendi
685 1067 779 1126 studio
812 1069 1016 1148 flagraverunt.
1071 1068 1216 1130 Exci-15.

88 1154 165 1214 tabat
195 1171 248 1214 eos
279 1152 466 1230 magnitudo,
497 1152 619 1212 varietas
648 1152 863 1231 multitudoque
890 1155 922 1214 in
949 1153 1030 1214 omni
1055 1172 1160 1232 genere

1 1229 5 1240 ’
87 1257 263 1312 causarum,
297 1246 330 1298 ut
351 1237 385 1320 ad
408 1256 471 1298 eam
502 1235 680 1309 doctrinam,
714 1255 802 1314 quam
832 1257 886 1299 suo
910 1240 1035 1317 quisque
1063 1239 1160 1303 studio

84 1326 244 1386 adsecutus
268 1330 354 1396 esset,
370 1323 578 1402 adiungeretur
599 1340 672 1382 usus
690 1324 840 1402 frequens,
863 1325 914 1402 qui
937 1325 1071 1384 omnium
1096 1343 1160 1385 ma-

87 1412 250 1489 gistrorum
289 1416 442 1486 praecepta
480 1415 639 1485 superaret.
704 1407 795 1470 Erant
830 1419 927 1470 autem
962 1410 1032 1470 huic
1063 1410 1160 1471 studio

85 1497 232 1567 maxima,
273 1512 347 1571 quae
380 1509 461 1556 nunc
500 1511 619 1571 quoque
657 1502 742 1566 sunt,
783 1495 914 1574 exposita
950 1495 1078 1573 praemia
1115 1497 1161 1557 vel

85 1779 282 1834 Gricchenland.
318 1778 395 1830 Ganz·
407 1779 508 1830 iihnlich
525 1781 574 1831 wie
591 1781 646 1832 bior
664 1781 764 1832 iusscrt
781 1781 834 1831 sich
852 1781 903 1831 Cic.
920 1782 954 1831 im
971 1782 1039 1832 Brut.
1060 1785 1099 1847 12,
1113 1788 1160 1838 45:

83 1854 164 1915 pacis
187 1858 220 1898 cst
242 1866 311 1898 comes
329 1852 417 1914 otiique
434 1853 497 1899 secia
514 1860 535 1900 et
552 1854 599 1900 um
616 1854 672 1902 bene
688 1854 827 1902 constitutae
848 1855 951 1901 nodatis
970 1856 1042 1914 quasi
1059 1857 1159 1904 numne

77 1921 209 1985 quaedam
230 1921 366 1982 eloquentia.
402 1917 484 1968 Ueber
503 1919 542 1968 dis
562 1919 717 1984 llichtigkcit
737 1921 780 1969 des
799 1917 947 1970 Gedaukcns
967 1920 1020 1982 vgl.
1039 1937 1061 1971 z.
1077 1923 1100 1984 8,
1115 1924 1158 1985 30,

1 1987 2 1992 ’
85 2005 130 2038 wo
151 1988 196 2036 der
212 1986 306 2050 liegriff
323 2001 372 2036 von
390 1991 464 2038 otium
483 1987 561 2037 durch
577 1993 716 2052 tranquiltat
734 1995 829 2039 ersetzt
846 1988 888 2041 ist.

158 2089 233 2137 nemo,
253 2071 323 2121 nicht
339 2075 428 2135 nutius,
448 2071 496 2122 wie
513 2072 538 2122 in
558 2073 601 2123 der
619 2073 696 2137 Regel
713 2073 754 2122 bei
770 2071 1105 2138 Personenbczsichnungcu.

151 2146 247 2205 primo:
266 2155 306 2190 am
323 2139 445 2204 Aufange,
467 2141 630 2192 verschiedeu
647 2158 696 2191 von
710 2146 825 2203 primum.

156 2213 271 2260 radonis:
293 2207 410 2273 Theorie,
428 2215 505 2261 eiam:
524 2211 648 2273 Methode,
667 2214 739 2262 artat:
758 2209 865 2276 system.

158 2283 260 2343 aliquod
270 2289 432 2340 praeceptum,
450 2279 514 2328 nach
530 2284 605 2330 uttam
621 2283 693 2343 cum,
726 2279 785 2329 weil
802 2277 868 2342 jctzt
887 2279 958 2328 nicht
976 2279 1015 2330 die
1034 2278 1154 2330 Existunt

82 2347 158 2397 eines
170 2357 325 2410 praeceptum
346 2347 520 2411 schlechthin,
547 2350 653 2399 sondern
679 2348 718 2398 dic
742 2347 810 2398 eines
828 2348 919 2413 ι111111,
946 2348 1007 2398 wic
1031 2363 1098 2398 man
1122 2364 1155 2399 cs

84 2417 162 2466 sich
183 2417 263 2466 auch
282 2415 470 2466 vorstellen
491 2433 573 2482 mag,
593 2418 726 2482 goleognct
738 2417 845 2473 11111111
866 2417 922 2466 soll.

159 2510 259 2562 tamnen,
277 2509 408 2564 quantum:
440 2517 487 2550 111
504 2514 533 2551 so
550 2501 610 2566 vicl,
629 2503 681 2565 als3
699 2501 749 2565 vgl.
767 2500 838 2553 Tusc.
859 2502 919 2568 disp.
938 2500 955 2551 l.
977 2505 1016 2568 13,
1035 2505 1081 2555 29:
1112 2507 1160 2556 ded
1198 2535 1202 2550 .

82 2573 132 2634 qui
156 2573 264 2620 nendum
286 2596 322 2605 -
334 2573 438 2632 physica
459 2574 610 2636 didicissent,
641 2579 733 2624 tantum
762 2573 810 2620 sibi
828 2581 1014 2635 persuaserant,
1041 2583 1158 2637 quantum

82 2646 178 2689 natum
195 2643 334 2688 admonente
350 2649 512 2703 ceqnoeerant.

157 2727 248 2774 auditis
270 2727 405 2774 oratoribus
428 2726 472 2776 ur
514 2724 565 2775 Cic
593 2725 669 2775 denkt
690 2724 863 2775 rornchmlich
886 2739 917 2774 sn
943 2725 983 2775 die
1010 2725 1155 2776 athenischc

85 2791 286 2842 Gesaudtschslt
309 2807 359 2841 von
382 2793 987 2856 1551111,1111111111111111111111,
1016 2796 1062 2845 don
1084 2792 1157 2846 Peri·

82 2859 214 2928 patetiker
231 2860 359 2910 Critolaus
375 2861 423 2910 und
441 2861 489 2911 deu
506 2831 608 2912 Stoikor
628 2862 758 2925 Diogenes.

157 2933 298 2991 damonibus,
318 2930 392 2980 neml
410 2932 514 2981 oruata

158 2966 298 3049 incredibili
315 3002 431 3062 quodam:
462 3013 526 3062 ganz
552 3000 611 3050 oder
634 2996 763 3049 wahrhult
786 2998 953 3064 uuglaublich,
982 2999 1030 3050 wic
1052 3003 1091 3062 17,
1111 3004 1157 3064 763

83 3071 128 3133 20,
154 3067 202 3130 913
232 3069 272 3130 25,
302 3067 364 3133 1163
390 3069 480 3117 unders
506 3071 529 3132 5,
550 3071 594 3121 16:
626 3072 746 3132 quandam
774 3071 934 3118 incredibilem
960 3073 1155 3131 magnitudinem.

84 3136 109 3188 S.
130 3152 153 3184 1
174 3137 199 3198 3,
220 3138 262 3187 tt:
289 3139 399 3200 quodam.
436 3135 522 3186 lliescr
540 3137 600 3187 Satn
623 3137 722 3188 enthtilt
745 3135 784 3186 dic
803 3135 963 3202 nussohrung
986 3139 1029 3188 des
1049 3139 1156 3190 zweiten

84 3208 100 3267 ἓ
120 3207 154 3257 13
174 3205 322 3254 erwiihutcn
337 3205 473 3256 Moments:
490 3210 579 3257 maiore
596 3209 753 3258 delectatione.

160 3292 200 3342 15.
235 3293 362 3342 multitudo
383 3289 421 3340 als
446 3291 536 3342 letztes
553 3289 627 3342 Glied
647 3291 720 3342 einer
745 3290 959 3342 unvai-bundenum
975 3291 1055 3342 llcihs
1076 3293 1154 3342 durch

85 3360 132 3408 das
151 3357 347 3423 completircnde
367 3376 414 3423 quc
431 3360 631 3426 angcschlosscn,
651 3359 700 3410 wie
718 3360 808 3423 hiufig

156 3431 184 3478 in
201 3431 267 3478 omni
283 3445 368 3493 qencre
384 3445 457 3494 enus,
482 3429 513 3478 da
533 3428 572 3478 die
590 3428 654 3478 Zahl
677 3429 722 3478 der
739 3433 886 3492 quaestiones
897 3439 1026 3492 punctum
1042 3429 1092 3480 seit
1109 3428 1154 3477 der

86 3493 245 3560 Einfdhruug
279 3497 324 3546 der
354 3501 503 3562 quaestiones
528 3502 715 3560 rendundermn
741 3496 905 3564 (1111149)
935 3498 988 3549 sich
1014 3499 1072 3547 sehr
1095 3511 1155 3546 vor-

84 3566 169 3616 mchrt
187 3566 267 3614 hatte.

156 3643 286 3697 numeret,
304 3633 353 3683 wie
375 3637 396 3694 1,
414 3635 442 3684 3.
458 3637 625 3685 redtmdarent.

157 3707 276 3764 seposita:
306 3671 453 3766 vorgciegt,
481 3703 530 3753 nie
553 3707 598 3752 zur
618 3699 739 3752 Auswshl
766 3702 910 3767 ausgclcgtc
927 3702 1049 3752 Wsaren.
1094 3699 1154 3766 Vgl.

85 3769 128 3822 ΠΙ.
147 3774 189 3834 51,
210 3773 272 3823 217:
308 3773 346 3821 Hi
360 3781 417 3822 sunt
436 3775 524 3834 actori,
556 3781 582 3822 nt
598 3774 698 3834 1111111,
725 3775 825 3833 emeriti
840 3775 874 3821 ad
889 3773 1033 3822 cenandum
1050 3774 1155 3836 coiorm

83 3837 232 3906 10111111.
252 3841 294 3904 23,
314 3843 358 3894 tt:
380 3841 432 3890 Sec.
449 3843 561 3903 Naeu'us,
582 3844 633 3905 qui,
652 3856 705 3891 enm
721 3843 772 3902 ipsc
788 3845 851 3891 ultro
868 3843 965 3901 deberet,
982 3843 1053 3902 qnasi
1070 3839 1155 3891 ensinio

77 3913 193 3971 prumia
216 3913 310 3959 sutum
334 3913 450 3971 emerito,
476 3913 628 3970 mundusimc
649 3911 803 3961 contenderet.
851 3907 947 3958 Audcrs
971 3912 1090 3972 111115,
1111 3912 1157 3962 16:

75 3982 214 4040 proposito.

138 4069 213 4112 Cicero
234 4069 259 4110 ds
273 4067 361 4112 emtore.
387 4068 403 4110 1.
934 4083 950 4132 2
