<?xml version="1.0" encoding="UTF-8"?>
<!DOCTYPE html PUBLIC "-//W3C//DTD XHTML 1.0 Transitional//EN"
    "http://www.w3.org/TR/xhtml1/DTD/xhtml1-transitional.dtd">
<html xmlns="http://www.w3.org/1999/xhtml" xml:lang="en" lang="en">
 <head>
  <title>
</title>
<meta http-equiv="Content-Type" content="text/html;charset=utf-8" />
  <meta name='ocr-system' content='tesseract 3.04.00' />
  <meta name='ocr-capabilities' content='ocr_page ocr_carea ocr_par ocr_line ocrx_word'/>
</head>
<body>
  <div class='ocr_page' id='page_1' title='image "./mtulliiciceroni79cicegoog/mtulliiciceroni79cicegoog_0272.png"; bbox 0 0 2750 4526; ppageno 0'>
   <div class='ocr_carea' id='block_1_1' title="bbox 281 345 1139 416">
    <p class='ocr_par' dir='ltr' id='par_1_1' title="bbox 281 345 1139 416">
     <span class='ocr_line' id='line_1_1' title="bbox 281 345 1139 416; baseline 0.008 -20"><span class='ocrx_word' id='word_1_1' title='bbox 281 345 324 396; x_wconf 80' lang='lat' dir='ltr'>lm</span> <span class='ocrx_word' id='word_1_2' title='bbox 343 345 506 411; x_wconf 78' lang='lat' dir='ltr'>ORATORE,</span> <span class='ocrx_word' id='word_1_3' title='bbox 524 347 568 398; x_wconf 79' lang='lat' dir='ltr'>lto.</span> <span class='ocrx_word' id='word_1_4' title='bbox 586 345 617 398; x_wconf 93' lang='lat' dir='ltr'>ll.</span> <span class='ocrx_word' id='word_1_5' title='bbox 635 363 687 414; x_wconf 76' lang='lat' dir='ltr'>ceo.</span> <span class='ocrx_word' id='word_1_6' title='bbox 707 350 749 402; x_wconf 79' lang='grc'>20.</span> <span class='ocrx_word' id='word_1_7' title='bbox 770 351 811 402; x_wconf 80' lang='lat'>21.</span> <span class='ocrx_word' id='word_1_8' title='bbox 829 345 844 416; x_wconf 63' lang='grc' dir='ltr'><strong>ἓ</strong></span> <span class='ocrx_word' id='word_1_9' title='bbox 863 349 972 403; x_wconf 82' lang='grc'><strong>86-89.</strong></span> <span class='ocrx_word' id='word_1_10' title='bbox 1097 345 1139 413; x_wconf 82' lang='lat'>53</span> 
     </span>
    </p>
   </div>
   <div class='ocr_carea' id='block_1_2' title="bbox 62 501 1194 1094">
    <p class='ocr_par' dir='ltr' id='par_1_2' title="bbox 62 501 1194 1094">
     <span class='ocr_line' id='line_1_2' title="bbox 64 501 1139 582; baseline 0.001 -18"><span class='ocrx_word' id='word_1_11' title='bbox 64 523 139 564; x_wconf 78' lang='lat' dir='ltr'>vero</span> <span class='ocrx_word' id='word_1_12' title='bbox 162 501 247 574; x_wconf 91' lang='lat' dir='ltr'>illud,</span> <span class='ocrx_word' id='word_1_13' title='bbox 269 501 393 563; x_wconf 87' lang='lat' dir='ltr'>clamare</span> <span class='ocrx_word' id='word_1_14' title='bbox 409 511 613 580; x_wconf 87' lang='lat' dir='ltr'>contraquam</span> <span class='ocrx_word' id='word_1_15' title='bbox 629 503 728 565; x_wconf 87' lang='lat' dir='ltr'>deceat</span> <span class='ocrx_word' id='word_1_16' title='bbox 741 512 770 564; x_wconf 92' lang='lat' dir='ltr'>et</span> <span class='ocrx_word' id='word_1_17' title='bbox 783 522 871 582; x_wconf 89' lang='lat' dir='ltr'>quarn</span> <span class='ocrx_word' id='word_1_18' title='bbox 888 504 988 582; x_wconf 82' lang='lat' dir='ltr'><strong>possit,</strong></span> <span class='ocrx_word' id='word_1_19' title='bbox 1010 504 1139 566; x_wconf 87' lang='lat' dir='ltr'>hominis</span> 
     </span>
     <span class='ocr_line' id='line_1_3' title="bbox 62 587 1139 666; baseline -0.003 -14"><span class='ocrx_word' id='word_1_20' title='bbox 62 599 119 662; x_wconf 89' lang='lat' dir='ltr'>est,</span> <span class='ocrx_word' id='word_1_21' title='bbox 151 596 186 648; x_wconf 94' lang='lat' dir='ltr'>ut</span> <span class='ocrx_word' id='word_1_22' title='bbox 211 597 253 660; x_wconf 84' lang='lat' dir='ltr'>tu,</span> <span class='ocrx_word' id='word_1_23' title='bbox 274 587 381 658; x_wconf 77' lang='lat' dir='ltr'>Catule,</span> <span class='ocrx_word' id='word_1_24' title='bbox 402 587 438 648; x_wconf 88' lang='lat' dir='ltr'>de</span> <span class='ocrx_word' id='word_1_25' title='bbox 460 587 589 666; x_wconf 87' lang='lat' dir='ltr'>quodam</span> <span class='ocrx_word' id='word_1_26' title='bbox 611 588 766 649; x_wconf 79' lang='lat' dir='ltr'><strong>clamatore</strong></span> <span class='ocrx_word' id='word_1_27' title='bbox 787 589 891 661; x_wconf 76' lang='lat' dir='ltr'>dixisti,</span> <span class='ocrx_word' id='word_1_28' title='bbox 913 589 1047 650; x_wconf 84' lang='lat' dir='ltr'>sttdtitiae</span> <span class='ocrx_word' id='word_1_29' title='bbox 1069 607 1139 651; x_wconf 87' lang='lat' dir='ltr'>suae</span> 
     </span>
     <span class='ocr_line' id='line_1_4' title="bbox 67 672 1194 754; baseline -0.002 -20"><span class='ocrx_word' id='word_1_30' title='bbox 67 691 156 754; x_wconf 89' lang='lat' dir='ltr'>quam</span> <span class='ocrx_word' id='word_1_31' title='bbox 180 672 325 752; x_wconf 85' lang='lat' dir='ltr'>plurimos</span> <span class='ocrx_word' id='word_1_32' title='bbox 346 672 428 733; x_wconf 86' lang='lat' dir='ltr'>testis</span> <span class='ocrx_word' id='word_1_33' title='bbox 451 673 611 734; x_wconf 89' lang='lat' dir='ltr'>domestico</span> <span class='ocrx_word' id='word_1_34' title='bbox 631 674 788 752; x_wconf 86' lang='lat' dir='ltr'>praeconio</span> <span class='ocrx_word' id='word_1_35' title='bbox 807 673 975 753; x_wconf 77' lang='lat' dir='ltr'>colligends.</span> <span class='ocrx_word' id='word_1_36' title='bbox 1018 675 1060 735; x_wconf 85' lang='lat' dir='ltr'>De</span> <span class='ocrx_word' id='word_1_37' title='bbox 1082 673 1140 736; x_wconf 91' lang='lat' dir='ltr'>hoc</span> <span class='ocrx_word' id='word_1_38' title='bbox 1153 686 1194 737; x_wconf 74' lang='lat'>87.</span> 
     </span>
     <span class='ocr_line' id='line_1_5' title="bbox 64 757 1139 839; baseline 0.001 -19"><span class='ocrx_word' id='word_1_39' title='bbox 64 759 171 839; x_wconf 80' lang='lat' dir='ltr'>igitur,</span> <span class='ocrx_word' id='word_1_40' title='bbox 206 757 257 836; x_wconf 92' lang='lat' dir='ltr'>qui</span> <span class='ocrx_word' id='word_1_41' title='bbox 285 758 340 818; x_wconf 90' lang='lat' dir='ltr'>erit</span> <span class='ocrx_word' id='word_1_42' title='bbox 367 757 446 834; x_wconf 90' lang='lat' dir='ltr'>talis,</span> <span class='ocrx_word' id='word_1_43' title='bbox 473 768 505 819; x_wconf 89' lang='lat' dir='ltr'>ut</span> <span class='ocrx_word' id='word_1_44' title='bbox 532 757 732 819; x_wconf 76' lang='lat' dir='ltr'><strong>cohortandus</strong></span> <span class='ocrx_word' id='word_1_45' title='bbox 760 759 1000 838; x_wconf 82' lang='lat' dir='ltr'>adiuvandusque</span> <span class='ocrx_word' id='word_1_46' title='bbox 1023 760 1073 832; x_wconf 89' lang='lat' dir='ltr'>sit,</span> <span class='ocrx_word' id='word_1_47' title='bbox 1100 761 1139 822; x_wconf 90' lang='lat' dir='ltr'>ita</span> 
     </span>
     <span class='ocr_line' id='line_1_6' title="bbox 65 842 1139 924; baseline 0.001 -19"><span class='ocrx_word' id='word_1_48' title='bbox 65 846 237 924; x_wconf 75' lang='lat' dir='ltr'>loquamur,</span> <span class='ocrx_word' id='word_1_49' title='bbox 259 851 291 903; x_wconf 91' lang='lat' dir='ltr'>ut</span> <span class='ocrx_word' id='word_1_50' title='bbox 312 842 339 902; x_wconf 89' lang='lat' dir='ltr'>ei</span> <span class='ocrx_word' id='word_1_51' title='bbox 359 842 508 904; x_wconf 86' lang='lat' dir='ltr'>tradamus</span> <span class='ocrx_word' id='word_1_52' title='bbox 530 861 563 904; x_wconf 88' lang='lat' dir='ltr'>ea</span> <span class='ocrx_word' id='word_1_53' title='bbox 586 843 741 917; x_wconf 75' lang='lat' dir='ltr'>dumtaxat,</span> <span class='ocrx_word' id='word_1_54' title='bbox 765 861 839 922; x_wconf 86' lang='lat' dir='ltr'>quae</span> <span class='ocrx_word' id='word_1_55' title='bbox 859 863 915 906; x_wconf 92' lang='lat' dir='ltr'>nos</span> <span class='ocrx_word' id='word_1_56' title='bbox 938 863 1010 906; x_wconf 89' lang='lat' dir='ltr'>usus</span> <span class='ocrx_word' id='word_1_57' title='bbox 1031 845 1139 918; x_wconf 88' lang='lat' dir='ltr'>docuit,</span> 
     </span>
     <span class='ocr_line' id='line_1_7' title="bbox 66 927 1138 1008; baseline 0.001 -18"><span class='ocrx_word' id='word_1_58' title='bbox 66 939 99 990; x_wconf 91' lang='lat' dir='ltr'>ut</span> <span class='ocrx_word' id='word_1_59' title='bbox 128 927 219 989; x_wconf 88' lang='lat' dir='ltr'>nobis</span> <span class='ocrx_word' id='word_1_60' title='bbox 248 927 374 988; x_wconf 90' lang='lat' dir='ltr'>ducibus</span> <span class='ocrx_word' id='word_1_61' title='bbox 397 927 493 989; x_wconf 86' lang='lat' dir='ltr'>veniat</span> <span class='ocrx_word' id='word_1_62' title='bbox 513 947 566 1002; x_wconf 87' lang='lat' dir='ltr'>eo,</span> <span class='ocrx_word' id='word_1_63' title='bbox 599 947 659 1007; x_wconf 93' lang='lat' dir='ltr'>quo</span> <span class='ocrx_word' id='word_1_64' title='bbox 681 929 745 990; x_wconf 90' lang='lat' dir='ltr'>sine</span> <span class='ocrx_word' id='word_1_65' title='bbox 768 930 842 990; x_wconf 91' lang='lat' dir='ltr'>duce</span> <span class='ocrx_word' id='word_1_66' title='bbox 862 929 918 1008; x_wconf 91' lang='lat' dir='ltr'>ipsi</span> <span class='ocrx_word' id='word_1_67' title='bbox 939 930 1138 1008; x_wconf 82' lang='lat' dir='ltr'>pervenimus,</span> 
     </span>
     <span class='ocr_line' id='line_1_8' title="bbox 66 1013 761 1094; baseline 0 -19"><span class='ocrx_word' id='word_1_68' title='bbox 66 1015 213 1094; x_wconf 89' lang='lat' dir='ltr'>quoniam</span> <span class='ocrx_word' id='word_1_69' title='bbox 237 1013 357 1074; x_wconf 82' lang='lat' dir='ltr'>meliora</span> <span class='ocrx_word' id='word_1_70' title='bbox 379 1013 485 1074; x_wconf 88' lang='lat' dir='ltr'>docere</span> <span class='ocrx_word' id='word_1_71' title='bbox 506 1031 568 1073; x_wconf 94' lang='lat' dir='ltr'>non</span> <span class='ocrx_word' id='word_1_72' title='bbox 590 1031 761 1092; x_wconf 88' lang='lat' dir='ltr'>possumus.</span> 
     </span>
    </p>
   </div>
   <div class='ocr_carea' id='block_1_3' title="bbox 155 1098 1327 1179">
    <p class='ocr_par' dir='ltr' id='par_1_3' title="bbox 155 1098 1327 1179">
     <span class='ocr_line' id='line_1_9' title="bbox 155 1098 1327 1179; baseline 0.003 -20"><span class='ocrx_word' id='word_1_73' title='bbox 155 1099 254 1176; x_wconf 79' lang='lat' dir='ltr'>Atque</span> <span class='ocrx_word' id='word_1_74' title='bbox 273 1107 307 1159; x_wconf 90' lang='lat' dir='ltr'>ut</span> <span class='ocrx_word' id='word_1_75' title='bbox 328 1117 344 1158; x_wconf 89' lang='lat' dir='ltr'>a</span> <span class='ocrx_word' id='word_1_76' title='bbox 366 1098 500 1160; x_wconf 83' lang='lat' dir='ltr'>familiari</span> <span class='ocrx_word' id='word_1_77' title='bbox 522 1109 625 1159; x_wconf 88' lang='lat' dir='ltr'>nostro</span> <span class='ocrx_word' id='word_1_78' title='bbox 651 1100 802 1172; x_wconf 84' lang='lat' dir='ltr'>exordiar,</span> <span class='ocrx_word' id='word_1_79' title='bbox 832 1100 913 1159; x_wconf 91' lang='lat' dir='ltr'>hunc</span> <span class='ocrx_word' id='word_1_80' title='bbox 934 1117 1004 1179; x_wconf 79' lang='lat' dir='ltr'>ego,</span> <span class='ocrx_word' id='word_1_81' title='bbox 1031 1099 1138 1172; x_wconf 82' lang='lat' dir='ltr'>Catule,</span> <span class='ocrx_word' id='word_1_82' title='bbox 1151 1105 1253 1167; x_wconf 63' lang='lat' dir='ltr'>tlte.</span> <span class='ocrx_word' id='word_1_83' title='bbox 1326 1099 1327 1102; x_wconf 67' lang='grc'>’</span> 
     </span>
    </p>
   </div>
   <div class='ocr_carea' id='block_1_4' title="bbox 60 1183 1193 2457">
    <p class='ocr_par' dir='ltr' id='par_1_4' title="bbox 60 1183 1193 2457">
     <span class='ocr_line' id='line_1_10' title="bbox 60 1183 1139 1263; baseline 0 -17"><span class='ocrx_word' id='word_1_84' title='bbox 60 1183 234 1263; x_wconf 82' lang='lat' dir='ltr'>Sulpicium</span> <span class='ocrx_word' id='word_1_85' title='bbox 265 1183 394 1262; x_wconf 88' lang='lat' dir='ltr'>primum</span> <span class='ocrx_word' id='word_1_86' title='bbox 427 1184 458 1244; x_wconf 92' lang='lat' dir='ltr'>in</span> <span class='ocrx_word' id='word_1_87' title='bbox 492 1201 578 1244; x_wconf 91' lang='lat' dir='ltr'>causa</span> <span class='ocrx_word' id='word_1_88' title='bbox 610 1185 731 1262; x_wconf 85' lang='lat' dir='ltr'>parvula</span> <span class='ocrx_word' id='word_1_89' title='bbox 760 1184 1011 1246; x_wconf 86' lang='lat' dir='ltr'>adulescentulum</span> <span class='ocrx_word' id='word_1_90' title='bbox 1040 1185 1139 1246; x_wconf 83' lang='lat' dir='ltr'>audiri</span> 
     </span>
     <span class='ocr_line' id='line_1_11' title="bbox 66 1268 1139 1350; baseline 0.001 -20"><span class='ocrx_word' id='word_1_91' title='bbox 66 1287 142 1330; x_wconf 82' lang='lat' dir='ltr'>voce</span> <span class='ocrx_word' id='word_1_92' title='bbox 163 1279 194 1329; x_wconf 89' lang='lat' dir='ltr'>et</span> <span class='ocrx_word' id='word_1_93' title='bbox 215 1271 312 1328; x_wconf 85' lang='lat' dir='ltr'>forma</span> <span class='ocrx_word' id='word_1_94' title='bbox 334 1277 363 1329; x_wconf 91' lang='lat' dir='ltr'>et</span> <span class='ocrx_word' id='word_1_95' title='bbox 381 1277 464 1329; x_wconf 93' lang='lat' dir='ltr'>motu</span> <span class='ocrx_word' id='word_1_96' title='bbox 486 1268 620 1348; x_wconf 89' lang='lat' dir='ltr'>eorporis</span> <span class='ocrx_word' id='word_1_97' title='bbox 640 1279 668 1330; x_wconf 89' lang='lat' dir='ltr'>et</span> <span class='ocrx_word' id='word_1_98' title='bbox 688 1270 809 1350; x_wconf 89' lang='lat' dir='ltr'>reliquis</span> <span class='ocrx_word' id='word_1_99' title='bbox 830 1269 919 1331; x_wconf 88' lang='lat' dir='ltr'>rebus</span> <span class='ocrx_word' id='word_1_100' title='bbox 940 1271 1013 1350; x_wconf 87' lang='lat' dir='ltr'>aptis</span> <span class='ocrx_word' id='word_1_101' title='bbox 1032 1270 1139 1331; x_wconf 85' lang='lat' dir='ltr'>abhoc</span> 
     </span>
     <span class='ocr_line' id='line_1_12' title="bbox 65 1353 1140 1432; baseline 0.001 -16"><span class='ocrx_word' id='word_1_102' title='bbox 65 1371 191 1426; x_wconf 87' lang='lat' dir='ltr'>munus,</span> <span class='ocrx_word' id='word_1_103' title='bbox 214 1353 250 1414; x_wconf 91' lang='lat' dir='ltr'>de</span> <span class='ocrx_word' id='word_1_104' title='bbox 273 1370 333 1431; x_wconf 94' lang='lat' dir='ltr'>quo</span> <span class='ocrx_word' id='word_1_105' title='bbox 355 1354 533 1432; x_wconf 85' lang='lat' dir='ltr'>quaerimus,</span> <span class='ocrx_word' id='word_1_106' title='bbox 561 1355 691 1416; x_wconf 89' lang='lat' dir='ltr'>oratione</span> <span class='ocrx_word' id='word_1_107' title='bbox 713 1364 811 1417; x_wconf 88' lang='lat' dir='ltr'>autem</span> <span class='ocrx_word' id='word_1_108' title='bbox 834 1355 920 1416; x_wconf 89' lang='lat' dir='ltr'>celeri</span> <span class='ocrx_word' id='word_1_109' title='bbox 941 1364 970 1416; x_wconf 91' lang='lat' dir='ltr'>et</span> <span class='ocrx_word' id='word_1_110' title='bbox 990 1357 1140 1428; x_wconf 88' lang='lat' dir='ltr'>concitata,</span> 
     </span>
     <span class='ocr_line' id='line_1_13' title="bbox 67 1438 1139 1520; baseline 0.003 -21"><span class='ocrx_word' id='word_1_111' title='bbox 67 1439 151 1518; x_wconf 90' lang='lat' dir='ltr'>quod</span> <span class='ocrx_word' id='word_1_112' title='bbox 176 1446 239 1499; x_wconf 89' lang='lat' dir='ltr'>erat</span> <span class='ocrx_word' id='word_1_113' title='bbox 259 1438 385 1518; x_wconf 86' lang='lat' dir='ltr'>ingenii,</span> <span class='ocrx_word' id='word_1_114' title='bbox 407 1447 436 1500; x_wconf 92' lang='lat' dir='ltr'>et</span> <span class='ocrx_word' id='word_1_115' title='bbox 456 1438 553 1500; x_wconf 88' lang='lat' dir='ltr'>verbis</span> <span class='ocrx_word' id='word_1_116' title='bbox 576 1439 833 1502; x_wconf 84' lang='lat' dir='ltr'>effervescentibus</span> <span class='ocrx_word' id='word_1_117' title='bbox 855 1449 884 1502; x_wconf 88' lang='lat' dir='ltr'>et</span> <span class='ocrx_word' id='word_1_118' title='bbox 904 1440 991 1520; x_wconf 89' lang='lat' dir='ltr'>paulo</span> <span class='ocrx_word' id='word_1_119' title='bbox 1014 1441 1139 1502; x_wconf 92' lang='lat' dir='ltr'>nimium</span> 
     </span>
     <span class='ocr_line' id='line_1_14' title="bbox 65 1522 1138 1604; baseline 0.001 -19"><span class='ocrx_word' id='word_1_120' title='bbox 65 1522 313 1600; x_wconf 70' lang='lat' dir='ltr'>redundantibus,</span> <span class='ocrx_word' id='word_1_121' title='bbox 335 1523 416 1602; x_wconf 93' lang='lat' dir='ltr'>quod</span> <span class='ocrx_word' id='word_1_122' title='bbox 438 1533 499 1586; x_wconf 91' lang='lat' dir='ltr'>erat</span> <span class='ocrx_word' id='word_1_123' title='bbox 520 1525 627 1586; x_wconf 86' lang='lat' dir='ltr'>aetatis.</span> <span class='ocrx_word' id='word_1_124' title='bbox 671 1526 738 1586; x_wconf 92' lang='lat' dir='ltr'>Non</span> <span class='ocrx_word' id='word_1_125' title='bbox 758 1545 825 1587; x_wconf 90' lang='lat' dir='ltr'>sum</span> <span class='ocrx_word' id='word_1_126' title='bbox 847 1536 1038 1604; x_wconf 60' lang='lat' dir='ltr'>aspernatum</span> <span class='ocrx_word' id='word_1_127' title='bbox 1072 1528 1138 1587; x_wconf 88' lang='lat' dir='ltr'>volo</span> 
     </span>
     <span class='ocr_line' id='line_1_15' title="bbox 66 1608 1139 1673; baseline 0.003 -3"><span class='ocrx_word' id='word_1_128' title='bbox 66 1611 149 1670; x_wconf 92' lang='lat' dir='ltr'>enim</span> <span class='ocrx_word' id='word_1_129' title='bbox 180 1627 212 1669; x_wconf 91' lang='lat' dir='ltr'>se</span> <span class='ocrx_word' id='word_1_130' title='bbox 242 1608 343 1669; x_wconf 83' lang='lat' dir='ltr'>efferat</span> <span class='ocrx_word' id='word_1_131' title='bbox 362 1609 393 1669; x_wconf 93' lang='lat' dir='ltr'>in</span> <span class='ocrx_word' id='word_1_132' title='bbox 415 1609 599 1670; x_wconf 87' lang='lat' dir='ltr'>adulescente</span> <span class='ocrx_word' id='word_1_133' title='bbox 621 1611 792 1672; x_wconf 86' lang='lat' dir='ltr'>fecunditas.</span> <span class='ocrx_word' id='word_1_134' title='bbox 837 1612 910 1672; x_wconf 87' lang='lat' dir='ltr'>Nam</span> <span class='ocrx_word' id='word_1_135' title='bbox 930 1611 1006 1672; x_wconf 91' lang='lat' dir='ltr'>sicut</span> <span class='ocrx_word' id='word_1_136' title='bbox 1028 1612 1139 1673; x_wconf 83' lang='lat' dir='ltr'>facilius</span> 
     </span>
     <span class='ocr_line' id='line_1_16' title="bbox 66 1693 1140 1775; baseline 0.001 -19"><span class='ocrx_word' id='word_1_137' title='bbox 66 1697 98 1756; x_wconf 91' lang='lat' dir='ltr'>in</span> <span class='ocrx_word' id='word_1_138' title='bbox 121 1693 232 1754; x_wconf 87' lang='lat' dir='ltr'>vitibus</span> <span class='ocrx_word' id='word_1_139' title='bbox 254 1702 431 1754; x_wconf 88' lang='lat' dir='ltr'>revocantur</span> <span class='ocrx_word' id='word_1_140' title='bbox 444 1712 486 1771; x_wconf 88' lang='lat' dir='ltr'>ca,</span> <span class='ocrx_word' id='word_1_141' title='bbox 507 1713 581 1774; x_wconf 86' lang='lat' dir='ltr'>quae</span> <span class='ocrx_word' id='word_1_142' title='bbox 596 1713 660 1756; x_wconf 89' lang='lat' dir='ltr'>sese</span> <span class='ocrx_word' id='word_1_143' title='bbox 675 1695 800 1756; x_wconf 90' lang='lat' dir='ltr'>nimium</span> <span class='ocrx_word' id='word_1_144' title='bbox 816 1696 1021 1775; x_wconf 80' lang='lat' dir='ltr'>profuderunt,</span> <span class='ocrx_word' id='word_1_145' title='bbox 1041 1713 1140 1775; x_wconf 90' lang='lat' dir='ltr'>quam,</span> 
     </span>
     <span class='ocr_line' id='line_1_17' title="bbox 66 1779 1139 1857; baseline 0.002 -17"><span class='ocrx_word' id='word_1_146' title='bbox 66 1782 93 1840; x_wconf 87' lang='lat' dir='ltr'>si</span> <span class='ocrx_word' id='word_1_147' title='bbox 115 1779 192 1840; x_wconf 92' lang='lat' dir='ltr'>nihil</span> <span class='ocrx_word' id='word_1_148' title='bbox 213 1779 290 1840; x_wconf 90' lang='lat' dir='ltr'>valet</span> <span class='ocrx_word' id='word_1_149' title='bbox 311 1779 453 1852; x_wconf 88' lang='lat' dir='ltr'>materies,</span> <span class='ocrx_word' id='word_1_150' title='bbox 474 1797 551 1841; x_wconf 86' lang='lat' dir='ltr'>nova</span> <span class='ocrx_word' id='word_1_151' title='bbox 573 1789 719 1842; x_wconf 81' lang='lat' dir='ltr'>sarmenta</span> <span class='ocrx_word' id='word_1_152' title='bbox 740 1781 854 1842; x_wconf 89' lang='lat' dir='ltr'>cultura</span> <span class='ocrx_word' id='word_1_153' title='bbox 876 1781 1047 1857; x_wconf 83' lang='lat' dir='ltr'>excitantur,</span> <span class='ocrx_word' id='word_1_154' title='bbox 1069 1782 1139 1842; x_wconf 89' lang='lat' dir='ltr'>item</span> 
     </span>
     <span class='ocr_line' id='line_1_18' title="bbox 65 1864 1139 1946; baseline 0.002 -22"><span class='ocrx_word' id='word_1_155' title='bbox 65 1865 136 1926; x_wconf 77' lang='lat' dir='ltr'>volo</span> <span class='ocrx_word' id='word_1_156' title='bbox 168 1882 234 1925; x_wconf 88' lang='lat' dir='ltr'>esse</span> <span class='ocrx_word' id='word_1_157' title='bbox 255 1864 287 1924; x_wconf 95' lang='lat' dir='ltr'>in</span> <span class='ocrx_word' id='word_1_158' title='bbox 309 1864 510 1937; x_wconf 82' lang='lat' dir='ltr'>adulescente,</span> <span class='ocrx_word' id='word_1_159' title='bbox 538 1865 746 1944; x_wconf 75' lang='lat' dir='ltr'>undealiquid</span> <span class='ocrx_word' id='word_1_160' title='bbox 769 1873 926 1946; x_wconf 88' lang='lat' dir='ltr'>amputem.</span> <span class='ocrx_word' id='word_1_161' title='bbox 970 1866 1037 1926; x_wconf 90' lang='lat' dir='ltr'>Non</span> <span class='ocrx_word' id='word_1_162' title='bbox 1060 1867 1139 1926; x_wconf 89' lang='lat' dir='ltr'>enim</span> 
     </span>
     <span class='ocr_line' id='line_1_19' title="bbox 66 1949 1140 2030; baseline 0.001 -20"><span class='ocrx_word' id='word_1_163' title='bbox 66 1957 167 2030; x_wconf 87' lang='lat' dir='ltr'>potest</span> <span class='ocrx_word' id='word_1_164' title='bbox 195 1949 228 2009; x_wconf 91' lang='lat' dir='ltr'>in</span> <span class='ocrx_word' id='word_1_165' title='bbox 258 1968 293 2010; x_wconf 90' lang='lat' dir='ltr'>eo</span> <span class='ocrx_word' id='word_1_166' title='bbox 319 1967 382 2010; x_wconf 90' lang='lat' dir='ltr'>esse</span> <span class='ocrx_word' id='word_1_167' title='bbox 411 1968 501 2012; x_wconf 89' lang='lat' dir='ltr'>sucus</span> <span class='ocrx_word' id='word_1_168' title='bbox 529 1951 701 2025; x_wconf 91' lang='lat' dir='ltr'>diuturnus,</span> <span class='ocrx_word' id='word_1_169' title='bbox 731 1951 811 2030; x_wconf 91' lang='lat' dir='ltr'>quod</span> <span class='ocrx_word' id='word_1_170' title='bbox 833 1951 921 2012; x_wconf 90' lang='lat' dir='ltr'>nimis</span> <span class='ocrx_word' id='word_1_171' title='bbox 943 1950 1074 2011; x_wconf 88' lang='lat' dir='ltr'>celeriter</span> <span class='ocrx_word' id='word_1_172' title='bbox 1096 1959 1140 2012; x_wconf 89' lang='lat' dir='ltr'>est</span> 
     </span>
     <span class='ocr_line' id='line_1_20' title="bbox 67 2033 1193 2115; baseline -0.002 -19"><span class='ocrx_word' id='word_1_173' title='bbox 67 2035 268 2097; x_wconf 82' lang='lat' dir='ltr'>maturitatem</span> <span class='ocrx_word' id='word_1_174' title='bbox 300 2033 480 2095; x_wconf 87' lang='lat' dir='ltr'>adsecutum.</span> <span class='ocrx_word' id='word_1_175' title='bbox 530 2035 596 2096; x_wconf 86' lang='lat' dir='ltr'>Vidi</span> <span class='ocrx_word' id='word_1_176' title='bbox 631 2037 727 2096; x_wconf 89' lang='lat' dir='ltr'>statim</span> <span class='ocrx_word' id='word_1_177' title='bbox 755 2036 885 2098; x_wconf 91' lang='lat' dir='ltr'>indolem</span> <span class='ocrx_word' id='word_1_178' title='bbox 916 2055 1013 2115; x_wconf 88' lang='lat' dir='ltr'>neque</span> <span class='ocrx_word' id='word_1_179' title='bbox 1043 2035 1139 2098; x_wconf 88' lang='lat' dir='ltr'>dimisi</span> <span class='ocrx_word' id='word_1_180' title='bbox 1153 2047 1193 2098; x_wconf 86' lang='lat'>89.</span> 
     </span>
     <span class='ocr_line' id='line_1_21' title="bbox 65 2120 1140 2200; baseline 0 -18"><span class='ocrx_word' id='word_1_181' title='bbox 65 2132 186 2200; x_wconf 85' lang='lat' dir='ltr'>tempus</span> <span class='ocrx_word' id='word_1_182' title='bbox 210 2127 239 2180; x_wconf 87' lang='lat' dir='ltr'>ct</span> <span class='ocrx_word' id='word_1_183' title='bbox 260 2134 328 2180; x_wconf 90' lang='lat' dir='ltr'>eum</span> <span class='ocrx_word' id='word_1_184' title='bbox 351 2138 418 2182; x_wconf 90' lang='lat' dir='ltr'>snm</span> <span class='ocrx_word' id='word_1_185' title='bbox 437 2120 621 2193; x_wconf 84' lang='lat' dir='ltr'>cohortatus,</span> <span class='ocrx_word' id='word_1_186' title='bbox 650 2128 684 2181; x_wconf 92' lang='lat' dir='ltr'>ut</span> <span class='ocrx_word' id='word_1_187' title='bbox 702 2125 803 2183; x_wconf 84' lang='lat' dir='ltr'>forum</span> <span class='ocrx_word' id='word_1_188' title='bbox 824 2121 879 2184; x_wconf 92' lang='lat' dir='ltr'>sibi</span> <span class='ocrx_word' id='word_1_189' title='bbox 900 2121 1003 2183; x_wconf 92' lang='lat' dir='ltr'>ludum</span> <span class='ocrx_word' id='word_1_190' title='bbox 1024 2129 1140 2200; x_wconf 79' lang='lat' dir='ltr'>putaret</span> 
     </span>
     <span class='ocr_line' id='line_1_22' title="bbox 67 2204 1139 2286; baseline -0.001 -19"><span class='ocrx_word' id='word_1_191' title='bbox 67 2225 132 2268; x_wconf 88' lang='lat' dir='ltr'>esse</span> <span class='ocrx_word' id='word_1_192' title='bbox 155 2206 192 2266; x_wconf 86' lang='lat' dir='ltr'>ed</span> <span class='ocrx_word' id='word_1_193' title='bbox 216 2204 406 2278; x_wconf 90' lang='lat' dir='ltr'>discendum,</span> <span class='ocrx_word' id='word_1_194' title='bbox 436 2205 608 2284; x_wconf 80' lang='lat' dir='ltr'>magistrum</span> <span class='ocrx_word' id='word_1_195' title='bbox 630 2213 745 2281; x_wconf 87' lang='lat' dir='ltr'>autem,</span> <span class='ocrx_word' id='word_1_196' title='bbox 775 2225 864 2286; x_wconf 91' lang='lat' dir='ltr'>quern</span> <span class='ocrx_word' id='word_1_197' title='bbox 885 2206 984 2279; x_wconf 88' lang='lat' dir='ltr'>vellet,</span> <span class='ocrx_word' id='word_1_198' title='bbox 1006 2207 1139 2286; x_wconf 84' lang='lat' dir='ltr'>eligeret:</span> 
     </span>
     <span class='ocr_line' id='line_1_23' title="bbox 67 2289 1139 2372; baseline 0.002 -22"><span class='ocrx_word' id='word_1_199' title='bbox 67 2309 117 2350; x_wconf 89' lang='lat' dir='ltr'>me</span> <span class='ocrx_word' id='word_1_200' title='bbox 137 2289 259 2369; x_wconf 90' lang='lat' dir='ltr'>quidem</span> <span class='ocrx_word' id='word_1_201' title='bbox 280 2290 305 2350; x_wconf 94' lang='lat' dir='ltr'>si</span> <span class='ocrx_word' id='word_1_202' title='bbox 328 2289 449 2363; x_wconf 85' lang='lat' dir='ltr'>audiret,</span> <span class='ocrx_word' id='word_1_203' title='bbox 471 2290 505 2351; x_wconf 90' lang='lat' dir='ltr'>L.</span> <span class='ocrx_word' id='word_1_204' title='bbox 528 2291 675 2353; x_wconf 84' lang='lat' dir='ltr'>Crassum.</span> <span class='ocrx_word' id='word_1_205' title='bbox 720 2293 806 2366; x_wconf 85' lang='lat' dir='ltr'>Quod</span> <span class='ocrx_word' id='word_1_206' title='bbox 832 2293 886 2356; x_wconf 90' lang='lat' dir='ltr'>iste</span> <span class='ocrx_word' id='word_1_207' title='bbox 908 2292 1034 2372; x_wconf 89' lang='lat' dir='ltr'>adripuit</span> <span class='ocrx_word' id='word_1_208' title='bbox 1053 2303 1081 2353; x_wconf 87' lang='lat' dir='ltr'>et</span> <span class='ocrx_word' id='word_1_209' title='bbox 1101 2293 1139 2353; x_wconf 87' lang='lat' dir='ltr'>ita</span> 
     </span>
     <span class='ocr_line' id='line_1_24' title="bbox 67 2375 1140 2457; baseline 0.001 -20"><span class='ocrx_word' id='word_1_210' title='bbox 67 2394 136 2437; x_wconf 85' lang='lat' dir='ltr'>sese</span> <span class='ocrx_word' id='word_1_211' title='bbox 158 2377 307 2437; x_wconf 84' lang='lat' dir='ltr'>iacturum</span> <span class='ocrx_word' id='word_1_212' title='bbox 330 2375 514 2437; x_wconf 81' lang='lat' dir='ltr'>confirmavit</span> <span class='ocrx_word' id='word_1_213' title='bbox 535 2386 621 2456; x_wconf 84' lang='lat' dir='ltr'>atque</span> <span class='ocrx_word' id='word_1_214' title='bbox 643 2377 729 2438; x_wconf 92' lang='lat' dir='ltr'>etiam</span> <span class='ocrx_word' id='word_1_215' title='bbox 749 2377 874 2454; x_wconf 90' lang='lat' dir='ltr'>addidit,</span> <span class='ocrx_word' id='word_1_216' title='bbox 904 2378 1010 2457; x_wconf 78' lang='lat' dir='ltr'>gradec</span> <span class='ocrx_word' id='word_1_217' title='bbox 1032 2377 1140 2438; x_wconf 89' lang='lat' dir='ltr'>scilicet</span> 
     </span>
    </p>
   </div>
   <div class='ocr_carea' id='block_1_5' title="bbox 66 2543 1139 2952">
    <p class='ocr_par' dir='ltr' id='par_1_5' title="bbox 66 2543 1139 2678">
     <span class='ocr_line' id='line_1_25' title="bbox 137 2543 1139 2612; baseline 0.002 -16"><span class='ocrx_word' id='word_1_218' title='bbox 137 2554 224 2596; x_wconf 83' lang='lat' dir='ltr'>contra</span> <span class='ocrx_word' id='word_1_219' title='bbox 241 2561 315 2608; x_wconf 85' lang='lat' dir='ltr'>qnam</span> <span class='ocrx_word' id='word_1_220' title='bbox 330 2547 480 2595; x_wconf 75' lang='lat' dir='ltr'>decertent:</span> <span class='ocrx_word' id='word_1_221' title='bbox 499 2544 561 2594; x_wconf 88' lang='lat' dir='ltr'>iiber</span> <span class='ocrx_word' id='word_1_222' title='bbox 575 2543 675 2595; x_wconf 87' lang='lat' dir='ltr'>Gebiihr</span> <span class='ocrx_word' id='word_1_223' title='bbox 684 2546 733 2596; x_wconf 91' lang='lat' dir='ltr'>und</span> <span class='ocrx_word' id='word_1_224' title='bbox 745 2546 899 2610; x_wconf 77' lang='lat' dir='ltr'>Vermdgen3</span> <span class='ocrx_word' id='word_1_225' title='bbox 914 2551 999 2608; x_wconf 67' lang='lat' dir='ltr'>noent,</span> <span class='ocrx_word' id='word_1_226' title='bbox 1017 2562 1050 2598; x_wconf 89' lang='lat' dir='ltr'>sc.</span> <span class='ocrx_word' id='word_1_227' title='bbox 1063 2549 1139 2612; x_wconf 78' lang='lat' dir='ltr'>tono,</span> 
     </span>
     <span class='ocr_line' id='line_1_26' title="bbox 66 2611 789 2678; baseline 0 -14"><span class='ocrx_word' id='word_1_228' title='bbox 66 2630 122 2664; x_wconf 52' lang='lat' dir='ltr'>ores</span> <span class='ocrx_word' id='word_1_229' title='bbox 140 2629 186 2664; x_wconf 83' lang='lat' dir='ltr'>sus</span> <span class='ocrx_word' id='word_1_230' title='bbox 207 2613 264 2663; x_wconf 85' lang='lat' dir='ltr'>dem</span> <span class='ocrx_word' id='word_1_231' title='bbox 284 2611 417 2677; x_wconf 72' lang='lat' dir='ltr'>folgenden</span> <span class='ocrx_word' id='word_1_232' title='bbox 435 2615 540 2664; x_wconf 68' lang='lat' dir='ltr'>nomime</span> <span class='ocrx_word' id='word_1_233' title='bbox 557 2629 589 2664; x_wconf 89' lang='lat' dir='ltr'>zu</span> <span class='ocrx_word' id='word_1_234' title='bbox 605 2615 730 2678; x_wconf 75' lang='lat' dir='ltr'>ergiinzen</span> <span class='ocrx_word' id='word_1_235' title='bbox 748 2614 789 2665; x_wconf 91' lang='lat' dir='ltr'>ist.</span> 
     </span>
    </p>

    <p class='ocr_par' dir='ltr' id='par_1_6' title="bbox 66 2679 1139 2818">
     <span class='ocr_line' id='line_1_27' title="bbox 137 2679 1139 2746; baseline -0.001 -11"><span class='ocrx_word' id='word_1_236' title='bbox 137 2687 274 2744; x_wconf 83' lang='lat' dir='ltr'>clamatore,</span> <span class='ocrx_word' id='word_1_237' title='bbox 293 2697 320 2732; x_wconf 91' lang='lat' dir='ltr'>so</span> <span class='ocrx_word' id='word_1_238' title='bbox 338 2679 379 2731; x_wconf 90' lang='lat' dir='ltr'>lll.</span> <span class='ocrx_word' id='word_1_239' title='bbox 400 2683 442 2745; x_wconf 82' lang='lat'>21,</span> <span class='ocrx_word' id='word_1_240' title='bbox 465 2682 513 2734; x_wconf 85' lang='lat' dir='ltr'>et:</span> <span class='ocrx_word' id='word_1_241' title='bbox 532 2687 670 2734; x_wconf 79' lang='lat' dir='ltr'>clamatores</span> <span class='ocrx_word' id='word_1_242' title='bbox 687 2685 764 2734; x_wconf 78' lang='lat' dir='ltr'>odiosi</span> <span class='ocrx_word' id='word_1_243' title='bbox 779 2693 802 2734; x_wconf 87' lang='lat' dir='ltr'>et</span> <span class='ocrx_word' id='word_1_244' title='bbox 817 2687 919 2746; x_wconf 69' lang='lat' dir='ltr'>moleemq</span> <span class='ocrx_word' id='word_1_245' title='bbox 938 2684 1007 2734; x_wconf 87' lang='lat' dir='ltr'>Brut.</span> <span class='ocrx_word' id='word_1_246' title='bbox 1019 2686 1061 2746; x_wconf 82' lang='lat' dir='ltr'>te,</span> <span class='ocrx_word' id='word_1_247' title='bbox 1076 2684 1139 2736; x_wconf 81' lang='lat'>182:</span> 
     </span>
     <span class='ocr_line' id='line_1_28' title="bbox 66 2754 1036 2818; baseline -0.001 -15"><span class='ocrx_word' id='word_1_248' title='bbox 66 2762 95 2804; x_wconf 86' lang='lat' dir='ltr'>nt</span> <span class='ocrx_word' id='word_1_249' title='bbox 112 2755 221 2817; x_wconf 71' lang='lat' dir='ltr'>intelleoo&#39;</span> <span class='ocrx_word' id='word_1_250' title='bbox 235 2755 312 2813; x_wconf 70' lang='lat' dir='ltr'>noant</span> <span class='ocrx_word' id='word_1_251' title='bbox 326 2767 396 2814; x_wconf 82' lang='lat' dir='ltr'>quem</span> <span class='ocrx_word' id='word_1_252' title='bbox 412 2754 542 2802; x_wconf 70' lang='lat' dir='ltr'>cetetonem</span> <span class='ocrx_word' id='word_1_253' title='bbox 558 2757 714 2815; x_wconf 77' lang='lat' dir='ltr'>clamatorem,</span> <span class='ocrx_word' id='word_1_254' title='bbox 732 2769 801 2816; x_wconf 79' lang='lat' dir='ltr'>quem</span> <span class='ocrx_word' id='word_1_255' title='bbox 819 2761 935 2804; x_wconf 82' lang='lat' dir='ltr'>oratorem</span> <span class='ocrx_word' id='word_1_256' title='bbox 945 2755 1036 2818; x_wconf 70' lang='lat' dir='ltr'>sumre.</span> 
     </span>
    </p>

    <p class='ocr_par' dir='ltr' id='par_1_7' title="bbox 136 2821 937 2883">
     <span class='ocr_line' id='line_1_29' title="bbox 136 2821 937 2883; baseline 0.002 -12"><span class='ocrx_word' id='word_1_257' title='bbox 136 2822 265 2871; x_wconf 67' lang='lat' dir='ltr'>dementem</span> <span class='ocrx_word' id='word_1_258' title='bbox 280 2822 407 2881; x_wconf 73' lang='lat' dir='ltr'>praeconio</span> <span class='ocrx_word' id='word_1_259' title='bbox 426 2841 462 2862; x_wconf 85' lang='lat'>==</span> <span class='ocrx_word' id='word_1_260' title='bbox 478 2823 518 2870; x_wconf 75' lang='lat' dir='ltr'>rot</span> <span class='ocrx_word' id='word_1_261' title='bbox 528 2836 619 2883; x_wconf 74' lang='lat' dir='ltr'>praee„</span> <span class='ocrx_word' id='word_1_262' title='bbox 641 2821 663 2870; x_wconf 94' lang='lat' dir='ltr'>d.</span> <span class='ocrx_word' id='word_1_263' title='bbox 682 2821 699 2870; x_wconf 90' lang='lat' dir='ltr'>i.</span> <span class='ocrx_word' id='word_1_264' title='bbox 717 2825 871 2873; x_wconf 74' lang='lat' dir='ltr'>ostentatione</span> <span class='ocrx_word' id='word_1_265' title='bbox 887 2838 937 2872; x_wconf 84' lang='lat' dir='ltr'>ena.</span> 
     </span>
    </p>

    <p class='ocr_par' dir='ltr' id='par_1_8' title="bbox 138 2888 750 2952">
     <span class='ocr_line' id='line_1_30' title="bbox 138 2888 750 2952; baseline 0.003 -11"><span class='ocrx_word' id='word_1_266' title='bbox 138 2892 180 2942; x_wconf 80' lang='lat' dir='ltr'>et.</span> <span class='ocrx_word' id='word_1_267' title='bbox 211 2891 270 2939; x_wconf 85' lang='lat' dir='ltr'>dum</span> <span class='ocrx_word' id='word_1_268' title='bbox 285 2897 364 2939; x_wconf 81' lang='lat' dir='ltr'>terat:</span> <span class='ocrx_word' id='word_1_269' title='bbox 383 2888 475 2952; x_wconf 79' lang='lat' dir='ltr'>gerede</span> <span class='ocrx_word' id='word_1_270' title='bbox 492 2905 548 2952; x_wconf 88' lang='lat' dir='ltr'>nur,</span> <span class='ocrx_word' id='word_1_271' title='bbox 566 2905 586 2939; x_wconf 90' lang='lat' dir='ltr'>s.</span> <span class='ocrx_word' id='word_1_272' title='bbox 606 2905 628 2939; x_wconf 88' lang='lat' dir='ltr'>z.</span> <span class='ocrx_word' id='word_1_273' title='bbox 648 2892 688 2952; x_wconf 81' lang='lat'>14,</span> <span class='ocrx_word' id='word_1_274' title='bbox 709 2892 750 2944; x_wconf 84' lang='lat'>60.</span> 
     </span>
    </p>
   </div>
   <div class='ocr_carea' id='block_1_6' title="bbox 65 2969 1141 4069">
    <p class='ocr_par' dir='ltr' id='par_1_9' title="bbox 66 2969 1141 3174">
     <span class='ocr_line' id='line_1_31' title="bbox 137 2969 1140 3041; baseline -0.003 -16"><span class='ocrx_word' id='word_1_275' title='bbox 137 2969 191 3030; x_wconf 74' lang='lat'>21.</span> <span class='ocrx_word' id='word_1_276' title='bbox 221 2974 264 3028; x_wconf 79' lang='grc'>88.</span> <span class='ocrx_word' id='word_1_277' title='bbox 295 2975 361 3024; x_wconf 81' lang='lat' dir='ltr'>hunc</span> <span class='ocrx_word' id='word_1_278' title='bbox 377 2989 431 3038; x_wconf 69' lang='lat' dir='ltr'>eoo,</span> <span class='ocrx_word' id='word_1_279' title='bbox 458 2989 478 3024; x_wconf 89' lang='lat' dir='ltr'>s.</span> <span class='ocrx_word' id='word_1_280' title='bbox 497 2989 527 3024; x_wconf 85' lang='lat' dir='ltr'>zu</span> <span class='ocrx_word' id='word_1_281' title='bbox 550 2975 590 3037; x_wconf 89' lang='lat'>18,</span> <span class='ocrx_word' id='word_1_282' title='bbox 610 2977 656 3027; x_wconf 80' lang='lat' dir='ltr'>ll:</span> <span class='ocrx_word' id='word_1_283' title='bbox 686 2978 714 3025; x_wconf 79' lang='lat' dir='ltr'>id</span> <span class='ocrx_word' id='word_1_284' title='bbox 733 2991 792 3027; x_wconf 84' lang='lat' dir='ltr'>mee.</span> <span class='ocrx_word' id='word_1_285' title='bbox 827 2975 877 3025; x_wconf 86' lang='lat' dir='ltr'>Des</span> <span class='ocrx_word' id='word_1_286' title='bbox 896 2974 969 3025; x_wconf 90' lang='lat' dir='ltr'>Pron.</span> <span class='ocrx_word' id='word_1_287' title='bbox 988 2988 1051 3041; x_wconf 87' lang='lat' dir='ltr'>pers.</span> <span class='ocrx_word' id='word_1_288' title='bbox 1072 2974 1140 3024; x_wconf 91' lang='lat' dir='ltr'>dient</span> 
     </span>
     <span class='ocr_line' id='line_1_32' title="bbox 66 3040 1141 3108; baseline -0.001 -15"><span class='ocrx_word' id='word_1_289' title='bbox 66 3044 94 3093; x_wconf 88' lang='lat' dir='ltr'>iu</span> <span class='ocrx_word' id='word_1_290' title='bbox 111 3041 195 3092; x_wconf 88' lang='lat' dir='ltr'>dieser</span> <span class='ocrx_word' id='word_1_291' title='bbox 213 3040 341 3091; x_wconf 86' lang='lat' dir='ltr'>Parataxe</span> <span class='ocrx_word' id='word_1_292' title='bbox 359 3041 429 3091; x_wconf 88' lang='lat' dir='ltr'>nicht</span> <span class='ocrx_word' id='word_1_293' title='bbox 450 3043 504 3092; x_wconf 87' lang='lat' dir='ltr'>dem</span> <span class='ocrx_word' id='word_1_294' title='bbox 522 3044 731 3106; x_wconf 73' lang='lat' dir='ltr'>grammatischen</span> <span class='ocrx_word' id='word_1_295' title='bbox 749 3044 943 3108; x_wconf 79' lang='lat' dir='ltr'>Verstiindniss,</span> <span class='ocrx_word' id='word_1_296' title='bbox 961 3043 1067 3094; x_wconf 81' lang='lat' dir='ltr'>sonde&#39;rn</span> <span class='ocrx_word' id='word_1_297' title='bbox 1086 3044 1141 3093; x_wconf 87' lang='lat' dir='ltr'>dem</span> 
     </span>
     <span class='ocr_line' id='line_1_33' title="bbox 67 3109 639 3174; baseline 0 -12"><span class='ocrx_word' id='word_1_298' title='bbox 67 3110 242 3162; x_wconf 85' lang='lat' dir='ltr'>rhetorischen</span> <span class='ocrx_word' id='word_1_299' title='bbox 261 3109 426 3173; x_wconf 79' lang='lat' dir='ltr'>Nechdruelr3</span> <span class='ocrx_word' id='word_1_300' title='bbox 447 3110 498 3174; x_wconf 77' lang='lat' dir='ltr'>vgl.</span> <span class='ocrx_word' id='word_1_301' title='bbox 520 3113 561 3172; x_wconf 75' lang='lat'>32,</span> <span class='ocrx_word' id='word_1_302' title='bbox 583 3115 639 3166; x_wconf 79' lang='lat'>138.</span> 
     </span>
    </p>

    <p class='ocr_par' dir='ltr' id='par_1_10' title="bbox 138 3178 966 3244">
     <span class='ocr_line' id='line_1_34' title="bbox 138 3178 966 3244; baseline 0.001 -14"><span class='ocrx_word' id='word_1_303' title='bbox 138 3183 167 3230; x_wconf 78' lang='lat' dir='ltr'>r&#39;n</span> <span class='ocrx_word' id='word_1_304' title='bbox 184 3197 258 3231; x_wconf 82' lang='lat' dir='ltr'>oense</span> <span class='ocrx_word' id='word_1_305' title='bbox 269 3183 363 3242; x_wconf 77' lang='lat' dir='ltr'>parent</span> <span class='ocrx_word' id='word_1_306' title='bbox 379 3219 384 3230; x_wconf 92' lang='lat'>.</span> <span class='ocrx_word' id='word_1_307' title='bbox 421 3178 528 3229; x_wconf 85' lang='lat' dir='ltr'>Welche</span> <span class='ocrx_word' id='word_1_308' title='bbox 546 3179 599 3230; x_wconf 89' lang='lat' dir='ltr'>dies</span> <span class='ocrx_word' id='word_1_309' title='bbox 616 3195 740 3244; x_wconf 77' lang='lat' dir='ltr'>gewesen,</span> <span class='ocrx_word' id='word_1_310' title='bbox 759 3181 793 3231; x_wconf 91' lang='lat' dir='ltr'>ist</span> <span class='ocrx_word' id='word_1_311' title='bbox 815 3182 966 3232; x_wconf 84' lang='lat' dir='ltr'>unbekannt.</span> 
     </span>
    </p>

    <p class='ocr_par' dir='ltr' id='par_1_11' title="bbox 68 3248 1140 3380">
     <span class='ocr_line' id='line_1_35' title="bbox 137 3248 1140 3315; baseline -0.003 -17"><span class='ocrx_word' id='word_1_312' title='bbox 137 3257 292 3309; x_wconf 75' lang='lat' dir='ltr'>revocantur,</span> <span class='ocrx_word' id='word_1_313' title='bbox 311 3262 399 3311; x_wconf 75' lang='lat' dir='ltr'>wegen</span> <span class='ocrx_word' id='word_1_314' title='bbox 416 3248 461 3297; x_wconf 93' lang='lat' dir='ltr'>der</span> <span class='ocrx_word' id='word_1_315' title='bbox 478 3248 622 3313; x_wconf 76' lang='lat' dir='ltr'>Bedentung</span> <span class='ocrx_word' id='word_1_316' title='bbox 641 3265 691 3298; x_wconf 90' lang='lat' dir='ltr'>von</span> <span class='ocrx_word' id='word_1_317' title='bbox 711 3255 829 3315; x_wconf 61' lang='lat' dir='ltr'>corripere</span> <span class='ocrx_word' id='word_1_318' title='bbox 846 3267 896 3300; x_wconf 87' lang='lat' dir='ltr'>von</span> <span class='ocrx_word' id='word_1_319' title='bbox 914 3250 961 3300; x_wconf 91' lang='lat' dir='ltr'>den</span> <span class='ocrx_word' id='word_1_320' title='bbox 980 3249 1101 3300; x_wconf 85' lang='lat' dir='ltr'>Winzern</span> <span class='ocrx_word' id='word_1_321' title='bbox 1115 3248 1140 3297; x_wconf 88' lang='lat' dir='ltr'>in</span> 
     </span>
     <span class='ocr_line' id='line_1_36' title="bbox 68 3316 814 3380; baseline 0.005 -14"><span class='ocrx_word' id='word_1_322' title='bbox 68 3319 124 3368; x_wconf 92' lang='lat' dir='ltr'>dem</span> <span class='ocrx_word' id='word_1_323' title='bbox 146 3316 223 3368; x_wconf 88' lang='lat' dir='ltr'>Sinne</span> <span class='ocrx_word' id='word_1_324' title='bbox 242 3331 292 3366; x_wconf 91' lang='lat' dir='ltr'>von</span> <span class='ocrx_word' id='word_1_325' title='bbox 309 3332 413 3367; x_wconf 82' lang='lat' dir='ltr'>resecare</span> <span class='ocrx_word' id='word_1_326' title='bbox 433 3316 584 3380; x_wconf 76' lang='lat' dir='ltr'>gebraucht3</span> <span class='ocrx_word' id='word_1_327' title='bbox 602 3323 725 3370; x_wconf 76' lang='lat' dir='ltr'>materies:</span> <span class='ocrx_word' id='word_1_328' title='bbox 744 3319 814 3370; x_wconf 85' lang='lat' dir='ltr'>llolz.</span> 
     </span>
    </p>

    <p class='ocr_par' dir='ltr' id='par_1_12' title="bbox 65 3384 1140 3796">
     <span class='ocr_line' id='line_1_37' title="bbox 138 3384 1140 3451; baseline -0.005 -14"><span class='ocrx_word' id='word_1_329' title='bbox 138 3390 194 3437; x_wconf 81' lang='lat' dir='ltr'>r&#39;tem</span> <span class='ocrx_word' id='word_1_330' title='bbox 218 3389 270 3436; x_wconf 85' lang='lat' dir='ltr'>eolo</span> <span class='ocrx_word' id='word_1_331' title='bbox 294 3401 342 3436; x_wconf 74' lang='lat' dir='ltr'>esee</span> <span class='ocrx_word' id='word_1_332' title='bbox 365 3391 412 3435; x_wconf 84' lang='lat' dir='ltr'>cet.</span> <span class='ocrx_word' id='word_1_333' title='bbox 431 3385 494 3435; x_wconf 78' lang='lat' dir='ltr'>kurz</span> <span class='ocrx_word' id='word_1_334' title='bbox 517 3384 570 3436; x_wconf 82' lang='lat' dir='ltr'>llir:</span> <span class='ocrx_word' id='word_1_335' title='bbox 602 3390 657 3438; x_wconf 71' lang='lat' dir='ltr'>r&#39;t&#39;em</span> <span class='ocrx_word' id='word_1_336' title='bbox 681 3391 765 3439; x_wconf 72' lang='lat' dir='ltr'>melino</span> <span class='ocrx_word' id='word_1_337' title='bbox 789 3389 974 3451; x_wconf 67' lang='lat' dir='ltr'>concredere</span> <span class='ocrx_word' id='word_1_338' title='bbox 994 3387 1140 3436; x_wconf 54' lang='lat' dir='ltr'>acescente</span> 
     </span>
     <span class='ocr_line' id='line_1_38' title="bbox 65 3457 1139 3522; baseline -0.003 -18"><span class='ocrx_word' id='word_1_339' title='bbox 65 3465 152 3519; x_wconf 74' lang='lat' dir='ltr'>poten,</span> <span class='ocrx_word' id='word_1_340' title='bbox 171 3458 198 3506; x_wconf 81' lang='lat' dir='ltr'>in</span> <span class='ocrx_word' id='word_1_341' title='bbox 216 3470 262 3517; x_wconf 85' lang='lat' dir='ltr'>qno</span> <span class='ocrx_word' id='word_1_342' title='bbox 280 3458 341 3506; x_wconf 68' lang='lat' dir='ltr'>inste</span> <span class='ocrx_word' id='word_1_343' title='bbox 357 3457 453 3518; x_wconf 74' lang='lat' dir='ltr'>aliquid</span> <span class='ocrx_word' id='word_1_344' title='bbox 470 3459 650 3518; x_wconf 76' lang='lat' dir='ltr'>mormandum,</span> <span class='ocrx_word' id='word_1_345' title='bbox 668 3474 741 3521; x_wconf 86' lang='lat' dir='ltr'>qnam</span> <span class='ocrx_word' id='word_1_346' title='bbox 756 3461 801 3520; x_wconf 79' lang='lat' dir='ltr'>qni</span> <span class='ocrx_word' id='word_1_347' title='bbox 810 3459 876 3508; x_wconf 82' lang='lat' dir='ltr'>omnr&#39;</span> <span class='ocrx_word' id='word_1_348' title='bbox 885 3458 1040 3522; x_wconf 75' lang='lat' dir='ltr'>fecunditate</span> <span class='ocrx_word' id='word_1_349' title='bbox 1052 3461 1139 3503; x_wconf 79' lang='lat' dir='ltr'>eareat.</span> 
     </span>
     <span class='ocr_line' id='line_1_39' title="bbox 69 3521 1138 3589; baseline 0 -17"><span class='ocrx_word' id='word_1_350' title='bbox 69 3524 121 3574; x_wconf 85' lang='lat' dir='ltr'>Cic.</span> <span class='ocrx_word' id='word_1_351' title='bbox 132 3524 179 3572; x_wconf 87' lang='lat' dir='ltr'>hat</span> <span class='ocrx_word' id='word_1_352' title='bbox 194 3523 264 3573; x_wconf 84' lang='lat' dir='ltr'>wohl</span> <span class='ocrx_word' id='word_1_353' title='bbox 282 3538 313 3572; x_wconf 88' lang='lat' dir='ltr'>an</span> <span class='ocrx_word' id='word_1_354' title='bbox 332 3522 414 3573; x_wconf 86' lang='lat' dir='ltr'>dieser</span> <span class='ocrx_word' id='word_1_355' title='bbox 427 3521 506 3574; x_wconf 89' lang='lat' dir='ltr'>Stello</span> <span class='ocrx_word' id='word_1_356' title='bbox 523 3523 578 3574; x_wconf 87' lang='lat' dir='ltr'>sich</span> <span class='ocrx_word' id='word_1_357' title='bbox 597 3525 675 3575; x_wconf 84' lang='lat' dir='ltr'>selbst</span> <span class='ocrx_word' id='word_1_358' title='bbox 693 3525 727 3574; x_wconf 92' lang='lat' dir='ltr'>im</span> <span class='ocrx_word' id='word_1_359' title='bbox 738 3523 809 3589; x_wconf 78' lang='lat' dir='ltr'>Ange</span> <span class='ocrx_word' id='word_1_360' title='bbox 827 3525 928 3589; x_wconf 75' lang='lat' dir='ltr'>gehebt,</span> <span class='ocrx_word' id='word_1_361' title='bbox 951 3523 1002 3587; x_wconf 79' lang='lat' dir='ltr'>vgl.</span> <span class='ocrx_word' id='word_1_362' title='bbox 1014 3523 1082 3572; x_wconf 87' lang='lat' dir='ltr'>Brut.</span> <span class='ocrx_word' id='word_1_363' title='bbox 1097 3523 1138 3582; x_wconf 82' lang='lat'>91,</span> 
     </span>
     <span class='ocr_line' id='line_1_40' title="bbox 70 3588 1139 3658; baseline -0.004 -14"><span class='ocrx_word' id='word_1_364' title='bbox 70 3595 135 3644; x_wconf 83' lang='lat'><strong>316:</strong></span> <span class='ocrx_word' id='word_1_365' title='bbox 154 3593 182 3642; x_wconf 80' lang='lat' dir='ltr'>Ia</span> <span class='ocrx_word' id='word_1_366' title='bbox 199 3588 285 3657; x_wconf 79' lang='lat' dir='ltr'>(Molo)</span> <span class='ocrx_word' id='word_1_367' title='bbox 304 3594 369 3643; x_wconf 80' lang='lat' dir='ltr'>dedit</span> <span class='ocrx_word' id='word_1_368' title='bbox 386 3607 489 3655; x_wconf 80' lang='lat' dir='ltr'>opernm,</span> <span class='ocrx_word' id='word_1_369' title='bbox 505 3597 530 3644; x_wconf 71' lang='grc' dir='ltr'>εἰ</span> <span class='ocrx_word' id='word_1_370' title='bbox 545 3597 613 3644; x_wconf 88' lang='lat' dir='ltr'>morlo</span> <span class='ocrx_word' id='word_1_371' title='bbox 630 3597 658 3644; x_wconf 80' lang='lat' dir='ltr'>id</span> <span class='ocrx_word' id='word_1_372' title='bbox 676 3598 789 3658; x_wconf 78' lang='lat' dir='ltr'>consequi</span> <span class='ocrx_word' id='word_1_373' title='bbox 800 3597 891 3656; x_wconf 66' lang='lat' dir='ltr'>ponit,</span> <span class='ocrx_word' id='word_1_374' title='bbox 911 3603 938 3645; x_wconf 88' lang='lat' dir='ltr'>nt</span> <span class='ocrx_word' id='word_1_375' title='bbox 956 3594 1030 3641; x_wconf 76' lang='lat' dir='ltr'>nirne&#39;e</span> <span class='ocrx_word' id='word_1_376' title='bbox 1046 3592 1139 3640; x_wconf 78' lang='lat' dir='ltr'>renen-</span> 
     </span>
     <span class='ocr_line' id='line_1_41' title="bbox 70 3661 1140 3726; baseline -0.002 -16"><span class='ocrx_word' id='word_1_377' title='bbox 70 3663 151 3712; x_wconf 83' lang='lat' dir='ltr'>dante&#39;e</span> <span class='ocrx_word' id='word_1_378' title='bbox 174 3675 216 3712; x_wconf 84' lang='lat' dir='ltr'>noo</span> <span class='ocrx_word' id='word_1_379' title='bbox 240 3670 262 3711; x_wconf 87' lang='lat' dir='ltr'>et</span> <span class='ocrx_word' id='word_1_380' title='bbox 284 3663 453 3725; x_wconf 76' lang='lat' dir='ltr'>superfluentis</span> <span class='ocrx_word' id='word_1_381' title='bbox 478 3665 579 3713; x_wconf 76' lang='lat' dir='ltr'>enrentte&#39;</span> <span class='ocrx_word' id='word_1_382' title='bbox 602 3666 706 3726; x_wconf 78' lang='lat' dir='ltr'>qondam</span> <span class='ocrx_word' id='word_1_383' title='bbox 730 3667 827 3714; x_wconf 74' lang='lat' dir='ltr'>dicendi</span> <span class='ocrx_word' id='word_1_384' title='bbox 848 3666 987 3726; x_wconf 77' lang='lat' dir='ltr'>impunitate</span> <span class='ocrx_word' id='word_1_385' title='bbox 1004 3669 1027 3710; x_wconf 87' lang='lat' dir='ltr'>et</span> <span class='ocrx_word' id='word_1_386' title='bbox 1044 3661 1140 3709; x_wconf 75' lang='lat' dir='ltr'>licentio</span> 
     </span>
     <span class='ocr_line' id='line_1_42' title="bbox 69 3733 798 3796; baseline 0.004 -17"><span class='ocrx_word' id='word_1_387' title='bbox 69 3733 209 3792; x_wconf 69' lang='lat' dir='ltr'>reprimeret</span> <span class='ocrx_word' id='word_1_388' title='bbox 226 3739 249 3780; x_wconf 88' lang='lat' dir='ltr'>et</span> <span class='ocrx_word' id='word_1_389' title='bbox 265 3733 338 3792; x_wconf 82' lang='lat' dir='ltr'>quoee&#39;</span> <span class='ocrx_word' id='word_1_390' title='bbox 354 3740 421 3780; x_wconf 70' lang='lat' dir='ltr'>entra</span> <span class='ocrx_word' id='word_1_391' title='bbox 438 3733 505 3791; x_wconf 77' lang='lat' dir='ltr'>re&#39;pm</span> <span class='ocrx_word' id='word_1_392' title='bbox 522 3733 660 3796; x_wconf 68' lang='lat' dir='ltr'>deffluentie</span> <span class='ocrx_word' id='word_1_393' title='bbox 678 3743 798 3784; x_wconf 82' lang='lat' dir='ltr'>coerceret.</span> 
     </span>
    </p>

    <p class='ocr_par' dir='ltr' id='par_1_13' title="bbox 71 3799 1140 3917">
     <span class='ocr_line' id='line_1_43' title="bbox 141 3799 1140 3864; baseline -0.004 -14"><span class='ocrx_word' id='word_1_394' title='bbox 141 3799 182 3850; x_wconf 85' lang='grc'>89.</span> <span class='ocrx_word' id='word_1_395' title='bbox 211 3801 293 3849; x_wconf 82' lang='lat' dir='ltr'>tndnm</span> <span class='ocrx_word' id='word_1_396' title='bbox 314 3801 498 3850; x_wconf 75' lang='lat' dir='ltr'>addiscendum</span> <span class='ocrx_word' id='word_1_397' title='bbox 515 3822 549 3841; x_wconf 89' lang='lat'>=</span> <span class='ocrx_word' id='word_1_398' title='bbox 566 3805 593 3850; x_wconf 79' lang='lat' dir='ltr'>tn</span> <span class='ocrx_word' id='word_1_399' title='bbox 612 3817 659 3864; x_wconf 83' lang='lat' dir='ltr'>qno</span> <span class='ocrx_word' id='word_1_400' title='bbox 679 3804 784 3863; x_wconf 67' lang='lat' dir='ltr'>doceret,</span> <span class='ocrx_word' id='word_1_401' title='bbox 804 3799 852 3850; x_wconf 86' lang='lat' dir='ltr'>wie</span> <span class='ocrx_word' id='word_1_402' title='bbox 871 3802 912 3863; x_wconf 76' lang='lat'>27,</span> <span class='ocrx_word' id='word_1_403' title='bbox 936 3799 999 3850; x_wconf 83' lang='lat'><strong>115:</strong></span> <span class='ocrx_word' id='word_1_404' title='bbox 1034 3799 1067 3846; x_wconf 86' lang='lat' dir='ltr'>ad</span> <span class='ocrx_word' id='word_1_405' title='bbox 1078 3811 1140 3858; x_wconf 78' lang='lat' dir='ltr'>per·</span> 
     </span>
     <span class='ocr_line' id='line_1_44' title="bbox 71 3869 226 3917; baseline 0.006 -2"><span class='ocrx_word' id='word_1_406' title='bbox 71 3869 226 3917; x_wconf 65' lang='lat' dir='ltr'>euamdum.</span> 
     </span>
    </p>

    <p class='ocr_par' dir='ltr' id='par_1_14' title="bbox 71 3933 1141 4069">
     <span class='ocr_line' id='line_1_45' title="bbox 140 3933 1141 4002; baseline -0.005 -16"><span class='ocrx_word' id='word_1_407' title='bbox 140 3938 262 3997; x_wconf 53' lang='lat' dir='ltr'>mont:</span> <span class='ocrx_word' id='word_1_408' title='bbox 293 3949 321 3985; x_wconf 86' lang='lat' dir='ltr'>er</span> <span class='ocrx_word' id='word_1_409' title='bbox 338 3935 400 3999; x_wconf 76' lang='lat' dir='ltr'>griff</span> <span class='ocrx_word' id='word_1_410' title='bbox 416 3950 443 3986; x_wconf 89' lang='lat' dir='ltr'>es</span> <span class='ocrx_word' id='word_1_411' title='bbox 460 3937 534 3986; x_wconf 84' lang='lat' dir='ltr'>resch</span> <span class='ocrx_word' id='word_1_412' title='bbox 554 3935 610 3999; x_wconf 85' lang='lat' dir='ltr'>auf,</span> <span class='ocrx_word' id='word_1_413' title='bbox 634 3936 695 3987; x_wconf 87' lang='lat' dir='ltr'>liess</span> <span class='ocrx_word' id='word_1_414' title='bbox 713 3953 740 3986; x_wconf 89' lang='lat' dir='ltr'>es</span> <span class='ocrx_word' id='word_1_415' title='bbox 757 3937 811 3986; x_wconf 88' lang='lat' dir='ltr'>sich</span> <span class='ocrx_word' id='word_1_416' title='bbox 829 3936 899 3985; x_wconf 87' lang='lat' dir='ltr'>nicht</span> <span class='ocrx_word' id='word_1_417' title='bbox 914 3933 1028 4002; x_wconf 88' lang='lat' dir='ltr'>zweimel</span> <span class='ocrx_word' id='word_1_418' title='bbox 1048 3948 1141 3997; x_wconf 62' lang='lat' dir='ltr'>segem</span> 
     </span>
     <span class='ocr_line' id='line_1_46' title="bbox 71 4005 789 4069; baseline 0.004 -17"><span class='ocrx_word' id='word_1_419' title='bbox 71 4007 165 4066; x_wconf 70' lang='lat' dir='ltr'>oratioe</span> <span class='ocrx_word' id='word_1_420' title='bbox 182 4007 265 4058; x_wconf 79' lang='lat' dir='ltr'>scilicet</span> <span class='ocrx_word' id='word_1_421' title='bbox 283 4021 369 4056; x_wconf 81' lang='lat' dir='ltr'>canoa:</span> <span class='ocrx_word' id='word_1_422' title='bbox 388 4006 503 4055; x_wconf 87' lang='lat' dir='ltr'>versteht</span> <span class='ocrx_word' id='word_1_423' title='bbox 520 4006 574 4056; x_wconf 87' lang='lat' dir='ltr'>sich</span> <span class='ocrx_word' id='word_1_424' title='bbox 592 4021 635 4056; x_wconf 90' lang='lat' dir='ltr'>aus</span> <span class='ocrx_word' id='word_1_425' title='bbox 652 4005 789 4069; x_wconf 76' lang='lat' dir='ltr'>Artiglreit.</span> 
     </span>
    </p>
   </div>
   <div class='ocr_carea' id='block_1_7' title="bbox 0 0 1386 4526">
    <p class='ocr_par' dir='ltr' id='par_1_15' title="bbox 0 0 1386 4526">
     <span class='ocr_line' id='line_1_47' title="bbox 0 0 1386 4526; baseline 0 0"><span class='ocrx_word' id='word_1_426' title='bbox 0 0 1386 4526; x_wconf 95' lang='lat' dir='ltr'> </span> 
     </span>
    </p>
   </div>
  </div>
 </body>
</html>
