2750 4526
236 299 280 366 42
454 299 497 350 DE
518 295 864 362 adamantinum.
885 299 925 350 15.
942 297 957 360 ἓ
976 301 1094 354 64-66.

241 454 410 516 forensibus
431 454 537 516 aculeis
551 453 791 533 persequendum
813 461 864 512 est
908 451 1024 514 Harum
1039 465 1085 517 tot
1104 466 1309 538 tantarumque

240 557 341 600 rerum
358 540 500 602 videtisne
516 539 595 600 nulla
609 557 673 598 esse
688 546 849 617 praecepta,
873 553 947 614 quae
968 538 1000 597 in
1021 541 1138 604 artibus
1160 544 1310 608 rhetorum

239 643 272 686 re
310 622 448 686 riantur?

273 641 309 704 pe
324 709 358 770 ln
386 710 490 772 eodem
517 709 631 770 silentio
665 707 754 768 mrrlta
775 707 829 768 alia
851 716 1002 770 oratorum
1027 711 1127 772 officia
1150 715 1308 789 iacuerunt,

241 793 472 868 cohortationes,
500 793 730 866 consolationes,
760 802 929 872 praecepta,
950 795 1120 870 admonita;
1155 817 1233 878 quae
1252 810 1307 864 tra-

241 879 343 942 ctanda
365 890 435 942 sunt
455 880 553 942 omnia
575 877 779 951 disemissime,
808 877 860 938 sed
879 877 979 940 locum
1004 883 1153 944 suumin
1176 885 1223 947 his
1244 887 1308 946 arti-

186 969 227 1021 co.
241 961 307 1036 bus,
328 983 404 1044 quae
423 965 541 1026 traditae
561 973 639 1037 sunt,
657 962 766 1024 habent
784 963 907 1024 nullum.
950 965 1048 1044 Atque
1069 968 1103 1028 in
1127 969 1187 1031 hoc
1208 989 1306 1051 genere

242 1047 286 1110 illa
308 1067 426 1129 quoque
445 1058 488 1110 est
509 1049 620 1110 infinita
641 1049 727 1123 silva,
748 1047 827 1127 quod
849 1050 958 1110 oratori
979 1051 1133 1130 plerique,
1164 1064 1199 1117 ut
1227 1057 1306 1118 etiam

239 1137 361 1196 Crassus
383 1134 518 1208 ostendit,
542 1134 601 1195 duo
624 1153 731 1213 genera
752 1134 788 1195 ad
804 1134 961 1196 dicendum
977 1136 1143 1200 dederunt:
1166 1160 1262 1203 unum
1276 1143 1306 1202 de

240 1229 316 1282 certo
345 1219 520 1298 definitaque
542 1237 643 1292 causa,
666 1220 766 1298 quales
788 1229 865 1290 sunt,
888 1235 964 1297 quae
985 1223 1018 1283 in
1039 1222 1159 1298 litibus,
1184 1228 1305 1305 quaein

240 1303 496 1366 deliberationibus
525 1313 694 1377 versuumn
724 1304 824 1379 addat,
848 1304 872 1364 si
898 1306 965 1382 quis
985 1307 1074 1384 volet,
1097 1311 1188 1372 etiam
1209 1312 1304 1373 lauda-

240 1389 351 1460 tionem
373 1389 506 1462 alterum,
528 1389 608 1469 quod
626 1389 771 1469 appellant
793 1407 896 1450 omnes
912 1393 974 1452 lere
996 1394 1170 1472 scriptores,
1189 1397 1306 1477 explicet

240 1489 344 1546 nomo,
373 1473 515 1536 infinitam
538 1476 652 1555 generis
684 1476 747 1537 sine
769 1482 902 1553 tempore
924 1483 953 1536 et
973 1478 1038 1539 sine
1063 1497 1197 1558 persona
1220 1501 1305 1562 quae-

239 1557 375 1624 stionem.
425 1560 488 1622 lloc
510 1561 582 1639 quid
605 1570 634 1622 et
655 1569 799 1639 quantum
820 1562 872 1632 sit,
900 1579 969 1623 cum
999 1563 1119 1638 dicunt,
1142 1567 1330 1648 intellegere·

186 1649 225 1700 aa,
241 1643 310 1706 mihi
334 1663 395 1708 non
417 1645 561 1708 videntur.
590 1647 620 1708 Si
642 1648 721 1708 enim
743 1652 787 1707 est
807 1646 940 1720 oratoris,
962 1666 1171 1729 quaecumque
1193 1673 1242 1714 res
1262 1654 1305 1714 in-

241 1727 319 1792 auita
343 1731 434 1812 posita
456 1732 501 1806 sit,
523 1733 559 1794 de
581 1752 615 1794 ea
635 1750 724 1811 posse
746 1732 851 1804 dicere,
875 1731 1035 1794 dicendum
1058 1736 1114 1796 erit
1136 1739 1172 1810 ei,
1202 1747 1304 1818 quanta

240 1816 276 1878 sit
298 1816 368 1878 eolis
390 1817 575 1898 magnitudo,
604 1836 680 1897 quae
703 1821 798 1878 torma
821 1825 930 1890 terrae3
961 1819 997 1878 de
1019 1821 1251 1898 mathematicis,
1273 1823 1305 1883 de

308 1953 402 2014 maleo,
424 1958 645 2017 ootgegengosetzt
661 1954 706 2004 der
722 1951 793 2003 liuha
810 1953 861 2002 und
873 1950 1049 2004 Golnssenlreit
1068 1953 1178 2025 (meaa)
1202 1959 1248 2009 dar
1270 1958 1305 2007 hi-

240 2017 378 2070 storischen
396 2019 566 2087 Dsrstollung,
587 2023 639 2086 vgl.
659 2037 696 2072 or.
719 2025 757 2087 19,
777 2023 824 2074 62:
847 2023 934 2072 horum
955 2022 1014 2085 (der
1034 2022 1216 2092 Philosophen)
1234 2031 1305 2078 maan

241 2091 1305 2226 lttttt'ttttlatlltllt'mtitm·dttftltlllt

242 2221 379 2292 llpprilapo
398 2227 474 2280 dedet
490 2228 544 2279 sich
562 2227 607 2292 ost,
629 2245 650 2280 z.
670 2229 695 2278 B.
715 2245 738 2295 p.
751 2227 816 2280 Mur.
834 2231 860 2293 4,
878 2231 907 2280 8:
925 2232 1025 2280 iocosis
1042 2235 1103 2296 uus,
1123 2249 1194 2296 quan
1212 2237 1305 2296 amau

240 2303 281 2355 art,
300 2297 430 2356 oawldudo
446 2315 561 2348 sumam
578 2301 640 2349 midi
655 2300 780 2360 moperbr'ae
795 2301 989 2362 mdololata'sque
999 2299 1098 2361 famam
1116 2306 1244 2355 museum
1267 2313 1305 2352 cat.

310 2365 379 2416 oolla
397 2382 444 2418 arao
451 2377 585 2432 precepta,
605 2371 864 2434 quae—reposcatur
876 2389 912 2408 =
922 2371 992 2418 nulla
1005 2384 1088 2429 praec.
1107 2375 1227 2434 reperim
1244 2373 1303 2421 daun

242 2433 354 2484 »marom
372 2431 404 2484 lot
421 2433 476 2485 hier
494 2451 522 2486 so
543 2435 594 2487 viel
611 2436 649 2487 als
666 2453 746 2487 nonne
764 2439 849 2488 viduo
869 2435 1046 2502 (intellectam
1064 2437 1123 2502 Vgl.
1142 2440 1173 2490 de
1191 2440 1249 2507 imp.
1267 2439 1306 2488 Cn.

244 2495 324 2566 l'mp
338 2501 376 2564 lo,
392 2502 438 2556 28:
456 2509 526 2556 oara'a
544 2515 566 2556 ot
582 2509 676 2556 dooeraa
693 2522 782 2571 ymaro
800 2516 822 2557 et
834 2509 948 2557 bellonam
960 2516 982 2556 et
993 2509 1097 2557 hortium
1107 2513 1242 2560 -nullom
1260 2525 1305 2560 ram

242 2581 290 2617 arao
301 2569 422 2622 deomant
432 2577 459 2626 in
471 2591 517 2624 uus
524 2578 630 2636 positam
643 2579 751 2637 adituri,
760 2591 821 2640 quae
835 2578 907 2626 durio
923 2578 973 2626 oiri
991 2578 1214 2642 edomiaaasupera
1223 2582 1306 2642 poesim

243 2639 316 2689 unua
335 2632 350 2698 fl
369 2640 415 2694 tc:
434 2647 698 2708 nullon—occeptum.

309 2710 417 2762 mettun:
435 2709 621 2780 Lehrgeh'iudo,
639 2712 762 2780 systema.
791 2710 826 2762 lm
842 2711 986 2775 Fulgendeu
1004 2713 1039 2762 ist
1059 2718 1183 2766 cmmoda
1201 2715 1243 2766 ein
1260 2709 1307 2766 dn.

245 2781 297 2844 lay.
319 2781 383 2830 ruta
400 2783 572 2834 admonitiones
588 2782 638 2832 und
657 2782 734 2833 durch
746 2782 790 2831 das
805 2782 1008 2844 vorhergalronda
1017 2793 1147 2846 praeopta
1159 2784 1307 2834 vorunlnsst.

311 2845 352 2899 dd.
390 2851 457 2917 rima,
482 2851 530 2915 sig.
551 2851 734 2917 Baumoterial,
758 2851 822 2900 dann
845 2849 999 2916 iiherhnupt:
1023 2849 1095 2901 scon.
1129 2850 1190 2915 Vgl.
1208 2851 1251 2905 III.
1270 2854 1307 2910 24,

243 2913 287 2962 trac
323 2929 404 2968 raram
426 2929 460 2971 erc
484 2924 545 2972 edos
567 2939 654 2986 mayoc
670 2938 694 2971 u.
713 2935 736 2976 o.
772 2918 816 2969 Die
836 2919 996 2984 Darstellung
1016 2920 1095 2970 loidet
1115 2919 1236 2988 iibnigons
1255 2921 1306 2971 hier

243 2994 274 3030 aa
295 2979 496 3051 daahlb'migkeit
518 2991 567 3040 und
581 2989 736 3051 Unklarheit,
761 2987 821 3038 woil
835 2988 874 3038 ein
892 2989 1115 3052 untergeordneter
1136 2988 1306 3040 Bestandtheil

243 3050 287 3101 dar
301 3064 394 3115 parram
407 3053 622 3122 Godankanreilro,
638 3059 748 3109 wolcher
761 3058 895 3108 hdolrstens
912 3055 1031 3122 beildudg
1049 3074 1080 3107 zu
1093 3059 1230 3109 erwiiltnon
1247 3072 1307 3120 war,

242 3117 295 3171 atala
323 3123 491 3190 vrrrpcdr'dngt
514 3128 558 3178 hat
577 3128 627 3178 und
653 3143 684 3177 an
708 3125 748 3177 dio
766 3125 845 3177 Stelle
865 3126 908 3177 des
925 3126 1141 3190 iibargoordneten
1162 3125 1307 3178 Godankens

244 3191 357 3260 §mama
370 3189 411 3256 lot,
423 3196 543 3246 wodurch
557 3195 612 3247 eine
624 3195 813 3260 Verschiebung
824 3197 866 3247 des
878 3210 974 3258 gaunon
984 3193 1150 3260 satagelugos
1162 3196 1308 3248 antstundcn

244 3261 283 3310 tal,
321 3255 382 3312 llice
402 3261 517 3315 iihnliohe
533 3263 734 3330 Ungenauigkeit
751 3264 828 3314 findet
847 3264 900 3314 sich
918 3265 981 3314 auch
1002 3271 1072 3314 sonst
1088 3264 1235 3328 biswoilen,
1263 3263 1308 3312 wie

244 3342 256 3380 a
284 3325 309 3380 lt
332 3329 370 3396 ill,
391 3332 437 3396 823
455 3335 496 3398 26,
520 3336 575 3388 118.
615 3333 722 3401 Logisch
740 3333 862 3398 richtiger
877 3333 962 3383 wiirda
979 3349 1006 3384 es
1022 3333 1077 3384 hier
1094 3333 1210 3388 heusen:
1227 3339 1254 3385 ia
1269 3336 1309 3382 hoc

243 3411 334 3464 omaro,
354 3416 385 3454 ro.
397 3418 479 3454 reama
493 3420 583 3468 aaaron,
603 3407 689 3470 quibos
706 3408 733 3454 a'n
751 3405 844 3454 arridae
860 3406 910 3454 ollio
925 3407 990 3454 haus
1004 3407 1087 3454 nullm
1103 3413 1144 3464 sot,
1163 3407 1207 3454 ala
1219 3415 1309 3468 quoquo

244 3473 277 3519 all
295 3469 393 3534 dorstado
410 3471 442 3534 (d.
456 3471 473 3522 i.
491 3475 614 3538 scomma)
632 3475 700 3536 aima,
718 3489 780 3538 quae
794 3475 896 3523 duorum
907 3488 1022 3537 penarum
1035 3476 1129 3523 oratori
1142 3475 1176 3522 ad
1187 3475 1309 3524 deomedum

244 3538 355 3590 dolorum
372 3543 443 3593 altari
461 3545 563 3594 emeca
580 3551 620 3606 ast,
640 3545 793 3606 inflandorum
808 3545 904 3607 pencris
922 3581 929 3591 .
947 3579 953 3590 .
974 3577 980 3590 .
998 3544 1173 3605 quaestuosum.

312 3609 413 3662 Oratam
431 3615 547 3662 amendia:
568 3610 585 3662 l.
606 3613 647 3674 ³1,
671 3612 718 3664 138
738 3610 762 3662 ff.

316 3680 348 3729 od
372 3681 512 3732 dicendum:
534 3677 576 3731 fur
604 3680 651 3731 den
674 3679 847 3730 reduerischen
867 3676 987 3742 Vortrag,
1009 3699 1044 3720 ==
1060 3679 1147 3742 quidus
1167 3682 1196 3729 in
1216 3680 1308 3730 diendo

246 3749 385 3810 adorantem
401 3749 454 3814 vgl.
470 3766 493 3816 p.
512 3747 584 3801 Rosa.
602 3749 633 3799 Α.
652 3750 695 3812 21,
713 3750 759 3801 58:
781 3750 843 3812 quid
857 3749 919 3798 milri
936 3750 971 3797 od
984 3747 1159 3822 defendendum
1176 3750 1281 3800 domiti?

313 3823 383 3878 oola,
403 3831 423 3868 o.
441 3833 463 3868 z.
483 3821 523 3882 10,
544 3821 592 3872 41:
610 3821 741 3881 instoriam.

311 3886 420 3946 poan:
437 3887 504 3938 eines
523 3887 688 3952 allgemcincn
707 3885 902 3951 Gegenstaudes.
939 3881 1020 3934 Uehor
1038 3885 1160 3948 inficetum
1177 3883 1230 3948 vgl.
1249 3881 1307 3947 §ot

246 3959 276 3994 2¹¹
293 3952 387 4004 mulae.
425 3954 485 4006 Wie
504 3957 561 4006 dort
578 3955 643 4006 wird
661 3956 725 4005 nuoh
743 3955 800 4005 hier
820 3953 898 4002 durch
916 3953 963 4002 den
981 3951 1203 4019 priipositiouellon
1221 3951 1309 4002 zosau

245 4013 290 4068 dar
311 4018 401 4072 vorhor
419 4030 541 4085 genunute
560 4023 654 4089 Begriff
669 4039 716 4073 nur
733 4037 844 4087 gennuer
863 4020 994 4074 erl'iutert.
