2756 4520
216 315 259 380 48
449 313 492 364 DE
512 313 675 381 onerent,
692 314 736 365 lib.
752 312 793 367 lli.
812 329 834 366 c.
853 316 892 368 18.
911 312 928 380 ἦ
947 317 988 368 tt.
1012 317 1054 369 d'l.

201 470 300 531 nullo
316 470 406 531 modo
421 469 523 549 possit
552 470 615 530 Alia
630 471 708 532 enim
722 480 750 531 et
763 470 840 531 hona
858 480 886 532 et
901 470 974 532 mala
988 470 1126 531 videntur
1144 469 1252 532 Stoicis
1266 479 1297 532 et

219 556 322 618 ceteris
338 555 452 616 civibus
466 556 514 616 rel
529 556 626 633 potius
640 555 788 633 gentibus3
817 556 869 616 alia
884 555 927 616 vis
942 555 1079 628 honoris,
1101 555 1295 634 ignominiae,

217 640 349 721 praemii,
366 640 518 719 supplicii;
541 659 611 700 vere
626 659 663 700 au
680 659 765 702 secus
782 640 855 702 nihil
870 641 905 701 ad
922 640 980 700 hoc
993 648 1125 719 tempus;
1149 640 1201 702 sed
1218 660 1255 702 ea
1270 642 1296 702 si
1375 645 1376 660 ¹

218 745 387 805 sequamur,
417 727 527 786 nullam
554 743 697 804 umquam
726 745 789 787 rom
814 726 938 787 diceudo
962 726 1101 804 expedire
1130 726 1295 805 possimus

161 814 203 863 ut.
217 811 333 890 Reliqui
346 809 644 888 suntPeripateticiet
658 811 846 957 Academici]
855 827 1035 889 quamquam
1043 810 1296 872 Academicorum

217 915 328 958 nomen
351 904 395 957 est
417 913 527 976 unum,
554 897 714 957 sententiae
737 896 811 957 duae
855 896 928 956 Nam
951 896 1145 975 Speusippus,
1160 896 1296 960 Platonis

216 982 329 1042 sororis
343 981 430 1053 lilius,
446 992 474 1042 et
484 981 671 1055 Xenocrates,
688 982 738 1060 qui
750 981 901 1042 Platonem
921 982 1059 1056 audierat,
1075 990 1104 1043 et
1118 981 1172 1060 qui
1188 981 1295 1042 Xeno—

220 1075 327 1128 cratem
342 1066 463 1126 Polcmo
479 1074 507 1126 el
522 1066 654 1141 Crantor,
679 1066 752 1126 nihil
765 1066 802 1127 ab
817 1066 980 1153 Aristotele,
1003 1067 1055 1145 qui
1078 1084 1137 1128 una
1159 1068 1297 1128 audierat

216 1152 377 1224 Plutonem,
393 1169 499 1230 magno
517 1170 605 1229 opere
621 1152 839 1223 dissenserunt3
869 1152 950 1230 copia
967 1155 1091 1212 fortasse
1106 1160 1136 1214 et
1150 1154 1294 1214 varietate

217 1237 332 1298 dicendi
348 1254 433 1315 pares
448 1253 509 1296 non
524 1239 653 1298 luerunt.
697 1237 840 1298 Arcesilas
858 1237 998 1315 primum,
1021 1237 1071 1315 qui
1095 1236 1295 1299 Polemonem

216 1322 363 1396 audierat,
387 1339 424 1381 ex
439 1321 527 1382 variis
542 1321 670 1382 Platonis
690 1322 771 1383 libris
794 1322 1043 1400 sermonibusque
1057 1323 1216 1385 Socraticis
1237 1323 1298 1384 hoc

218 1407 344 1468 maxime
361 1405 499 1484 arripuit,
520 1407 592 1468 nihil
606 1425 670 1468 esse
687 1408 767 1480 certi,
789 1406 870 1486 quod
892 1417 942 1468 aut
960 1406 1097 1468 sensibus
1117 1418 1170 1469 aut
1192 1409 1298 1470 animo

304 1585 325 1626 et
340 1582 424 1627 ceterae
444 1576 508 1624 nach
526 1579 575 1626 ale'u
592 1573 634 1625 fuir
652 1576 696 1626 das
715 1575 845 1640 hirigerc
862 1594 908 1636 ιω,-
923 1574 1016 1639 judoch
1033 1575 1085 1639 vgl.
1106 1575 1137 1626 de
1153 1577 1196 1628 oll'.
1206 1577 1240 1628 ll.
1255 1581 1296 1642 18,

217 1648 263 1696 tt:
283 1647 343 1695 Atta
362 1662 433 1695 euuau
452 1653 486 1695 eet
503 1648 561 1706 eius,
582 1649 626 1710 que'
643 1649 777 1696 eulumuute
795 1650 923 1707 proruitur,
944 1655 965 1695 et
984 1649 1045 1708 eiua,
1062 1647 1107 1708 que*
1124 1663 1164 1695 ree
1182 1651 1298 1698 muium

216 1711 461 1843 ppupzreppuppbgeee.
482 1715 522 1776 20,
543 1716 590 1766 57:
609 1731 659 1764 rum
677 1720 740 1765 euim
757 1718 806 1764 ule'u
824 1731 896 1764 euueu
913 1723 948 1765 eet
967 1718 1095 1778 aequetute'e
1113 1717 1142 1763 e'u
1161 1732 1213 1766 uuo
1226 1733 1298 1766 seruo

303 1855 427 1913 apedtre:
443 1848 603 1912 eusriohteu3
623 1855 715 1902 nutum
721 1855 887 1914 —poeee'mue,
907 1849 980 1902 nemi.
994 1849 1020 1899 in
1033 1848 1115 1913 Fulge
1126 1853 1298 1914 mangeluden
1376 1841 1377 1850 ἵ

219 1919 426 1971 Verstiinduisses
445 1919 489 1968 der
504 1916 624 1968 Zuhh'rer.

303 1990 344 2041 ot.
362 1991 492 2040 sententiae
503 1990 572 2048 duur,
590 1987 663 2040 ueml.
683 1987 722 2037 die
739 1986 866 2052 Richtung
877 1988 921 2038 der
931 1987 1028 2037 ilteren
1040 1987 1091 2037 und
1105 1987 1151 2038 der
1162 1987 1299 2040 mittleren
1376 2005 1377 2010 ¹

216 2057 275 2122 (von
292 2055 420 2107 Arcesilas
441 2053 661 2124 ausgegaugeuen)
680 2055 826 2106 Akademie.

304 2125 452 2191 Speusippus
475 2131 529 2174 trat
553 2126 617 2174 noch
638 2124 679 2174 bei
702 2125 788 2175 seincu
806 2122 939 2174 Lebzeiten
963 2123 1003 2174 die
1023 2121 1132 2188 Leituug
1151 2125 1197 2174 der
1219 2123 1298 2176 Aka-

216 2194 295 2245 demie
312 2209 343 2244 an
364 2192 524 2244 Xenokrutes
543 2193 583 2244 ub.
620 2191 655 2243 lm
672 2193 695 2243 J.
716 2195 764 2248 334
790 2193 839 2256 gab
865 2206 893 2241 er
911 2191 964 2242 sich
992 2207 1037 2244 aus
1055 2191 1298 2246 Leheusiiberdruss

214 2264 294 2315 selbst
312 2264 359 2313 den
378 2261 438 2315 Tod.
473 2261 633 2312 Xenolrrutes
658 2260 781 2312 veriusste
808 2262 870 2312 auch
888 2263 1002 2312 mehrere
1021 2259 1148 2311 Schriften
1169 2263 1235 2314 iiber
1256 2265 1297 2314 die

214 2332 322 2383 Theorie
349 2331 395 2380 der
412 2329 610 2392 Beredsemkeit,
636 2331 686 2394 vgl.
704 2329 782 2380 Acad.
798 2328 827 2379 ll.
848 2332 896 2393 46,
919 2333 981 2384 143:
1008 2335 1077 2381 euius
1100 2333 1161 2381 titre·
1182 2343 1244 2384 eunt
1267 2337 1297 2384 de

214 2407 308 2452 retroue
325 2403 439 2464 loquendi
453 2404 525 2450 multi
540 2410 562 2450 et
579 2405 679 2451 multum
690 2403 797 2462 probatu
825 2397 882 2448 Scin
902 2398 1007 2448 Schiiler
1026 2395 1127 2448 Polemo
1145 2415 1203 2449 war
1221 2401 1297 2454 nicht

216 2485 264 2520 nur
283 2469 379 2519 Lehrer
397 2469 440 2518 des
461 2468 589 2518 Arcesilas
608 2469 714 2518 sonderu
731 2469 794 2518 auch
811 2468 854 2517 des
873 2466 976 2517 Stillers
995 2467 1040 2517 der
1056 2467 1184 2518 stoischen
1198 2468 1295 2522 Schule

216 2537 293 2587 Zeno.
314 2536 369 2586 Von
382 2535 491 2587 Crantor
507 2539 595 2588 werde
612 2535 784 2586 vernehmlich
797 2535 836 2586 die
847 2534 1294 2608 80111111περὶπένθουςςονίἰὴωῐ,

215 2606 265 2655 und
285 2621 332 2654 von
352 2605 403 2656 Cic.
422 2605 461 2654 als
479 2605 534 2656 eine
553 2605 637 2656 seiner
652 2605 758 2670 Quelleu
777 2604 818 2655 liin
835 2605 874 2655 die
895 2604 1053 2655 Tusculanen
1068 2605 1182 2656 heuiitzt.
1210 2609 1293 2659 Aead.

215 2673 234 2724 l.
256 2677 279 2732 9,
301 2677 347 2726 34:
367 2677 514 2736 Speusippus
531 2684 609 2726 eutem
626 2685 648 2725 et
667 2679 821 2737 Xenocrates,
842 2678 888 2739 que'
899 2677 1094 2735 prime'Pluteree'e
1112 2679 1236 2727 ratonem
1244 2697 1293 2730 uu-

214 2747 390 2807 eteru'tatemque
409 2754 574 2806 aeceperunt,
599 2753 689 2806 etpost
706 2761 744 2794 eeu
764 2747 857 2794 Polemo
879 2753 900 2793 et
920 2747 1000 2794 Grates
1016 2760 1112 2807 unaque
1129 2747 1244 2804 &auton
1265 2753 1293 2796 e'u

216 2815 497 2877 Academicorumque,
514 2818 640 2877 dilipeuter
656 2829 691 2877 eu,
711 2829 771 2876 quae
784 2815 972 2874 pauperioribus
984 2822 1130 2875 aeceperunt,
1148 2817 1290 2866 tuebantur.

300 2885 364 2931 uthe'l
379 2885 408 2930 ab
426 2885 556 2932 Aristotele
571 2898 657 2945 mupuo
674 2898 742 2942 opere
759 2885 931 2932 dieeeueeruut.
950 2880 1009 2931 Dies
1023 2879 1172 2944 giltjedooh
1186 2882 1290 2948 cigent-

215 2947 266 2998 lich
284 2965 330 2999 nur
348 2949 509 3000 hinsichtlich
528 2951 573 3000 der
585 2949 666 3000 Lehre
686 2966 742 3000 vom
759 2947 950 3013 hiichstenGut‚
970 2950 1021 3000 und
1040 2964 1110 2998 zwar
1124 2964 1164 2999 am
1180 2952 1288 3002 meister

114 3052 120 3063 .
217 3032 264 3066 von
286 3015 400 3067 Polemo:
429 3018 479 3082 vgl.
499 3018 529 3068 dc
546 3018 587 3067 fin.
606 3016 635 3069 ll.
658 3021 697 3078 11,
716 3022 764 3080 343
787 3022 910 3070 Polemoni
925 3029 947 3070 et
966 3023 1015 3069 e'um
1034 3028 1090 3069 aute
1106 3021 1238 3072 Aruiatele'
1260 3039 1289 3071 eu

213 3088 296 3146 primu
312 3090 364 3136 euu
379 3096 443 3148 eunt,
460 3104 522 3152 quur
533 3091 609 3148 paulo
629 3098 686 3138 uute
703 3092 762 3138 eut.
781 3089 847 3152 Erpa
856 3098 914 3138 uate
923 3097 957 3137 eet
972 3092 1088 3138 eeutuue'u
1104 3097 1211 3140 ueterum
1221 3092 1287 3140 Aeu-

215 3157 357 3206 deme'eorum
375 3164 398 3206 rt
414 3159 632 3219 Peripateticorum,
649 3167 678 3206 ut
688 3161 767 3219 fierem
784 3160 901 3208 luporum
912 3160 1016 3208 dicerent
1027 3159 1156 3208 euuudum
1169 3167 1287 3209 naturum

214 3228 300 3286 uiuere,
321 3226 348 3274 ie
363 3234 404 3282 eat,
421 3227 509 3276 ue'rtute
527 3228 633 3275 adhibita
643 3226 707 3291 frpe'
716 3229 807 3287 prieue'e
828 3243 843 3274 u
862 3234 953 3276 uuturu
970 3227 1040 3276 dute'u

304 3291 431 3342 Arcesilas
455 3308 500 3342 aus
521 3290 610 3343 Pitane
630 3293 654 3342 in
674 3293 774 3356 Aolien‚
800 3294 856 3357 gob.
877 3295 936 3356 316,
956 3299 1018 3358 gest.
1039 3295 1098 3354 241,
1123 3295 1199 3346 stand
1223 3297 1289 3346 nach

215 3360 305 3412 Crates
317 3360 385 3412 Tode
405 3376 437 3410 au
452 3361 496 3411 der
506 3360 588 3426 Spitze
598 3363 643 3412 der
656 3362 791 3413 Alademie
806 3363 856 3412 und
871 3363 920 3426 gab
936 3362 1065 3413 derselben
1075 3361 1132 3414 eine
1141 3364 1287 3430 skeptisehe

214 3429 349 3494 llichtuug‚
368 3429 451 3480 iudom
469 3445 497 3480 cr
513 3430 572 3494 jede
585 3430 750 3494 Miglichleit
767 3431 836 3482 einer
856 3431 971 3482 sichereu
981 3429 1147 3482 Erkeuntuiss
1167 3433 1194 3484 in
1203 3431 1288 3496 Fruge

215 3499 310 3551 stellte.
328 3498 364 3549 Er
381 3498 429 3563 gilt
447 3500 525 3550 daher
544 3499 582 3550 uls
600 3497 692 3550 Stilter
712 3499 756 3550 der
773 3500 901 3552 mittleren
917 3500 1060 3553 Academie.
1088 3499 1145 3564 Vgl.
1169 3502 1245 3553 Acad.
1266 3501 1288 3555 l.

218 3571 257 3630 12,
278 3572 324 3621 45:
350 3571 451 3634 uepadut
468 3587 516 3620 eeee
533 3572 667 3634 quiequam,
693 3572 762 3634 quod
776 3573 836 3621 seire*
852 3579 939 3634 posset,
959 3585 990 3620 ue
1003 3573 1068 3620 illud
1083 3573 1179 3634 quidem
1198 3575 1288 3634 ipsum,

214 3641 280 3701 quod
294 3640 402 3690 Serretes
420 3640 469 3689 etei
484 3643 617 3702 reliquisset
637 3638 680 3701 (ee.
700 3655 724 3688 ee
741 3643 804 3690 uiuit
819 3639 908 3700 retra:
925 3641 959 3687 ee'c
971 3644 1052 3690 omniu
1066 3643 1139 3690 latere
1150 3643 1178 3689 e'rs
1190 3643 1285 3690 amane.

294 3711 412 3768 primum,
436 3704 519 3757 woiur
531 3711 630 3768 primus
655 3707 700 3756 dus
722 3707 923 3770 geuthulicherc
942 3707 1021 3772 wilre,
1045 3707 1203 3770 bezeichnot,
1226 3707 1288 3757 dass

216 3773 269 3837 dus,
288 3789 342 3824 wus
360 3774 489 3826 Arcesilas
507 3777 572 3837 that,
591 3790 646 3825 zum
664 3782 748 3826 ersten
766 3774 833 3827 Male
850 3772 968 3840 geschah.

303 3847 367 3894 uiuit
384 3861 432 3895 eeae
451 3848 510 3895 eertu'
527 3843 561 3892 ist
579 3841 652 3894 Priid.
670 3861 701 3894 zu
721 3844 776 3894 dem
794 3843 862 3908 Suhj.
880 3848 945 3909 qued
960 3872 994 3882 -
1006 3847 1102 3908 percepi
1113 3848 1207 3906 poeee't;
1230 3844 1286 3906 egl.

215 3909 245 3958 de
267 3909 334 3961 deor.
355 3929 379 3961 u.
398 3910 417 3963 1.
435 3914 477 3974 25,
496 3915 544 3964 70:
567 3915 665 3976 urpedat
681 3915 806 3964 Arceee'leu
825 3917 948 3975 Zenemm,
972 3929 1025 3964 eum
1047 3917 1097 3974 e'pee
1114 3915 1186 3976 salua
1202 3916 1286 3962 mia

215 3980 308 4041 deceret,
326 3983 506 4042 quaeeeme'due
519 3984 666 4041 eruerentur,
684 3985 746 4032 buu
763 3992 842 4035 autem
858 3999 907 4033 uuo
925 3986 996 4034 nullu
1012 3998 1061 4033 eree
1070 3984 1124 4033 uua
1135 3983 1213 4045 fulua,
1229 3995 1283 4032 stou
