2814 4526
225 316 265 379 10
492 313 779 380 cucumerum.
800 315 829 366 11.
848 333 899 382 cap.
920 319 942 369 1.
956 315 977 381 s
999 319 1021 368 2.

224 481 297 544 tum,
319 482 352 532 ut
371 472 462 550 pueri,
484 473 613 533 refutare
635 472 802 534 domesticis
821 472 943 534 testibus
959 481 1040 550 patre
1055 479 1083 532 et
1098 469 1128 530 C.
1143 469 1302 529 Aculeone

224 556 394 635 propinquo
424 565 525 638 nostro
549 565 577 618 et
596 557 629 620 L.
653 558 792 618 Cicerone
814 565 918 637 patruo
942 557 1126 629 solebamus,
1152 555 1233 634 quod
1258 555 1301 614 de

223 643 429 719 Cressopater
451 642 626 715 conculco,
651 661 780 722 quocum
803 651 864 703 eral
885 651 985 704 nostra
1008 650 1177 716 matertera,
1202 659 1300 718 quem

224 728 344 787 Crassus
373 727 472 788 dilexit
501 746 536 787 ex
566 728 703 789 omnibus
724 729 901 807 plurimum,
931 737 959 789 et
983 737 1118 807 patruus,
1148 727 1298 804 quicum

223 813 351 872 Antonio
374 812 405 872 in
427 812 554 874 Ciliciam
579 817 729 893 profectus
752 832 811 874 una
832 814 1010 886 decesserat,
1033 813 1123 873 multa
1145 811 1232 871 nobis
1259 813 1301 870 de

223 898 286 958 eius
316 898 413 958 studio
446 898 637 978 doctrinaque
670 916 756 977 saepe
789 898 932 971 narravil3
974 916 1101 977 cumque
1134 915 1191 956 nos
1222 915 1301 957 curn

224 982 410 1044 consobrinis
437 985 561 1060 nostris,
592 984 749 1044 Aculeonis
775 984 857 1056 filiis,
883 992 911 1044 el
933 1003 966 1043 ea
988 983 1186 1054 disceremus,
1215 1000 1299 1060 quae
1391 1019 1392 1062 3

223 1069 328 1128 Crasso
358 1070 519 1147 placerent,
550 1078 578 1129 el
608 1068 644 1128 ab
672 1069 707 1129 iis
735 1069 920 1142 doctoribuS,
952 1067 1059 1147 quibus
1081 1068 1127 1128 ille
1149 1075 1299 1139 uteretur,

223 1153 418 1225 erudiremur,
441 1155 525 1214 eliam
549 1153 620 1214 illud
643 1173 729 1234 saepe
750 1155 955 1228 intelleximus,
982 1172 1050 1214 cum
1073 1169 1206 1213 essemus
1227 1153 1299 1213 eius

223 1240 319 1312 (lomi,
349 1239 428 1317 quod
451 1239 495 1299 vel
516 1240 600 1317 pueri
621 1240 728 1300 sentire
750 1249 936 1318 poteramuS,
964 1239 1046 1299 illurn
1069 1248 1097 1298 et
1118 1238 1228 1298 Graece
1255 1237 1299 1298 sic

222 1325 313 1401 loqui,
336 1325 444 1386 nullam
466 1333 498 1384 ut
519 1343 605 1385 nosse
627 1325 711 1385 aliam
732 1325 860 1403 linguam
884 1325 1040 1397 videretur,
1070 1332 1098 1383 et
1121 1322 1298 1384 doctoribus

224 1411 333 1470 nostris
363 1429 395 1470 ea
425 1427 537 1487 ponere
558 1410 589 1470 in
612 1411 812 1488 percontando
836 1429 927 1488 eaque
948 1411 1045 1489 ipsuur
1069 1409 1152 1470 omni
1173 1410 1206 1469 iu
1225 1429 1297 1469 ser-

293 1548 316 1597 2.
343 1556 370 1596 ut
388 1549 469 1608 pueri,
503 1544 577 1594 Diese
601 1545 785 1609 Vergleicbung
810 1544 909 1595 entb'ailt
933 1545 980 1595 den
1005 1543 1216 1610 Gesicbtspunkt,
1244 1560 1298 1594 von
1392 1531 1393 1540 ¹

223 1615 343 1665 welcbem
361 1630 406 1665 eus
425 1615 464 1664 die
481 1613 639 1680 priidicative
657 1613 823 1678 Restimmung
840 1617 949 1678 refutare
966 1617 1028 1665 dom.
1046 1624 1096 1665 teat.
1115 1615 1250 1664 subdamus
1267 1631 1300 1664 zu

223 1683 379 1739 bourtbeilen
396 1683 430 1734 ist
447 1684 495 1733 und
516 1681 709 1747 gerocbtlertigt
729 1682 866 1745 erscbeint3
887 1683 965 1733 daber
977 1681 1013 1732 oft
1025 1683 1050 1732 iu
1062 1683 1298 1733 besebr'ainkendem

224 1753 311 1803 Since:
341 1755 404 1803 nach
422 1751 560 1816 Massgabe.
598 1751 654 1815 Vgl.
673 1749 715 1801 lll.
735 1753 775 1815 18,
798 1753 844 1804 66:
875 1755 974 1804 Accedit
998 1756 1064 1816 quod
1085 1755 1202 1802 eumne
1221 1757 1298 1804 etiam

220 1839 296 1886 penus
321 1825 407 1873 babent
423 1824 532 1886 fortasse
553 1824 637 1871 sedada
660 1830 681 1870 et
698 1829 758 1871 certe
776 1830 887 1882 acumem,
911 1825 965 1883 sed,
990 1831 1017 1872 ut
1034 1825 1061 1872 in
1079 1831 1185 1882 oratore,
1215 1825 1297 1886 exilu

223 1889 297 1942 Tusc.
315 1891 376 1958 disp.
395 1890 412 1940 l.
432 1893 473 1952 24,
495 1893 539 1941 57:
559 1892 603 1939 Ad
618 1907 645 1939 ea
661 1892 696 1940 eie
713 1893 754 1940 ille
773 1897 904 1952 respondet,
926 1900 954 1940 uc
965 1907 1038 1955 puer,
1055 1906 1081 1940 u.
1101 1904 1123 1938 o.

292 1963 421 2011 domerlms'e
438 1961 542 2019 caetibus,
562 1957 609 2007 wie
628 1974 649 2023 p.
669 1957 722 2007 Mil.
743 1961 782 2021 18,
800 1961 847 2010 47:
867 1961 1124 2010 praetendentibus
1140 1979 1176 1998 =
1191 1975 1295 2009 suonam

223 2033 317 2080 testium
338 2033 422 2093 da'ota'e3
442 2026 514 2078 Tusc.
532 2026 594 2091 disp.
615 2025 634 2080 l.
655 2027 676 2089 1,
695 2030 724 2078 1:
744 2044 793 2077 non
810 2029 869 2090 quia
882 2030 1035 2090 philosophia
1056 2029 1299 2079 cremaberis
1393 2027 1394 2042 ¹

222 2109 244 2148 et
258 2101 390 2152 doctoribus
405 2101 500 2159 pes-opi
514 2113 563 2145 non
576 2105 662 2156 posset.

291 2177 433 2220 matertera:
455 2166 494 2216 die
515 2164 657 2214 Schwaster
674 2179 724 2213 von
742 2162 851 2214 Cicero’s
872 2164 966 2215 Mutter
983 2163 1080 2214 Helvia.

292 2253 359 2300 qoem
378 2240 544 2298 crassescet„
569 2234 631 2282 obne
650 2232 900 2299 Copulativportikol‚
929 2232 989 2283 weil
1009 2233 1048 2283 die
1067 2231 1156 2282 beiden
1174 2229 1299 2282 Relatis-

224 2307 293 2355 s'aitze
319 2305 352 2355 im
372 2303 532 2356 Vorb'ailtniss
556 2317 609 2351 zum
633 2300 785 2366 Hauptsutze
811 2307 851 2352 ein
880 2302 1071 2352 verscbiedenos
1096 2299 1208 2351 Moment
1235 2309 1297 2352 ent·

223 2374 321 2435 balten;
345 2375 394 2437 vgl.
416 2375 457 2434 28,
477 2375 533 2424 125.

292 2447 320 2493 s'n
338 2447 458 2494 Uilleium:
475 2455 530 2490 zum
549 2435 641 2501 llriegc
659 2454 738 2502 gegen
755 2439 794 2489 die
813 2437 961 2502 Soerlinber,
983 2439 1008 2488 in
1028 2437 1150 2488 welobem
1167 2437 1297 2490 Antonius

224 2527 310 2575 wegen
338 2527 368 2560 zu
392 2511 508 2574 geringer
529 2507 704 2571 Truppenzahl
724 2507 794 2557 nicht
813 2508 864 2558 viel
883 2508 1051 2569 ausrichtete;
1085 2525 1136 2558 una
1157 2512 1299 2572 decesswal,
1394 2519 1395 2558 l

224 2580 297 2630 neml.
318 2584 346 2630 de
361 2582 494 2642 provincia,
513 2593 541 2627 so
559 2575 617 2624 dass
629 2590 658 2624 er
670 2576 714 2625 ibn
726 2577 780 2626 also
792 2591 872 2642 genau
885 2577 982 2629 kenneu
995 2581 1096 2626 musste.
1121 2575 1160 2626 Zu
1171 2577 1298 2627 bcacbten

224 2649 258 2698 ist
278 2648 317 2697 die
336 2647 486 2698 chiestisebe
505 2643 692 2707 Wortstellung
711 2645 736 2694 in
755 2646 798 2694 der
816 2660 911 2709 genuen
930 2645 1049 2709 Periode,
1074 2645 1098 2694 in
1117 2644 1231 2695 welchcr
1252 2647 1300 2695 dor

225 2716 312 2767 Grund
330 2717 412 2766 daven
429 2715 499 2779 liogt,
519 2715 576 2764 dass
589 2712 711 2764 Antonius
732 2715 807 2763 sebon
829 2714 862 2763 im
873 2714 1045 2764 Relativsatze
1063 2719 1108 2778 qus·
1121 2741 1150 2750 --
1165 2718 1298 2766 decumae

225 2787 341 2836 erw'aihnt
365 2785 464 2848 werden
488 2789 579 2834 mnsste
604 2782 653 2830 und
679 2781 705 2831 in
729 2783 783 2832 dem
809 2783 970 2846 regiereudeu
995 2782 1115 2847 lediglich
1139 2783 1220 2832 durch
1244 2787 1297 2834 miss

224 2855 319 2905 wieder
336 2851 513 2904 eulzunebmon
532 2868 594 2903 war.

292 2927 410 2985 numanis,
430 2937 449 2972 s.
468 2940 490 2974 z.
511 2926 534 2985 7,
552 2924 598 2974 26:
616 2929 737 2982 metat.

293 2995 365 3042 Aeol.
382 2995 454 3055 filiis.
490 2991 566 3040 Einer
593 2987 675 3038 dieser
701 2985 983 3054 Sdbne'(Stielsdbne)‚
1012 2988 1039 3040 C.
1059 2987 1181 3040 Visellius
1200 2989 1297 3048 Varro,

223 3059 289 3109 wird
317 3061 385 3111 Brut.
414 3064 454 3121 76,
483 3063 534 3112 264
563 3071 651 3120 wegen
679 3056 762 3108 seiuer
791 3057 924 3121 ullgcmein
955 3055 1214 3108 wissenschestlicben
1244 3060 1296 3108 und

219 3127 386 3190 juristiscben
407 3129 512 3192 bilduug
535 3128 658 3190 geriibmt.
693 3123 774 3176 Uober
792 3125 886 3177 Aculeo
912 3127 991 3176 selbst
1009 3127 1062 3190 vgl.
1082 3125 1101 3176 1.
1119 3126 1160 3189 43,
1182 3129 1240 3179 191.
1262 3155 1298 3164 -—

224 3201 308 3248 Crasso
322 3201 451 3260 placerem,
471 3198 492 3248 d.
510 3196 527 3247 i.
540 3199 714 3258 probarentur.

292 3277 407 3318 uteretur.
441 3265 475 3315 So
501 3266 574 3316 stand
602 3279 629 3313 er
654 3279 675 3316 z.
700 3263 726 3312 B.
752 3263 798 3312 mit
826 3263 880 3313 dem
907 3261 1090 3329 Peripatetiker
1117 3262 1221 3314 Staseas
1252 3281 1298 3315 aus

224 3335 327 3401 Neapel,
346 3334 456 3386 welcber
473 3333 513 3384 bei
531 3333 565 3384 M.
582 3330 673 3397 Pupius
688 3332 835 3398 Calpurinus
853 3331 910 3382 Piso
930 3334 1040 3392 wobnte,
1058 3331 1085 3381 in
1105 3329 1298 3384 lreundscball-

223 3407 314 3455 liehem
333 3403 461 3468 Verkehr3
479 3403 530 3467 vgl.
549 3401 568 3456 l.
589 3404 630 3464 22,
651 3405 706 3456 104.
831 3459 836 3473 ,

292 3491 345 3525 eme
364 3491 481 3524 aremus:
496 3487 524 3522 so
540 3470 578 3521 olt
598 3471 644 3535 als,
660 3469 783 3534 Jedesmal
800 3485 881 3533 wenc,
902 3470 928 3519 in
947 3469 1057 3519 welchcr
1076 3467 1223 3534 Bedeutung
1243 3489 1298 3524 eum

223 3543 264 3592 bei
289 3541 339 3592 Cic.
359 3541 517 3606 gewdbnliob
539 3540 583 3590 mit
608 3540 663 3590 dem
686 3538 739 3591 lud.
759 3538 826 3588 eines
851 3538 1018 3588 Priiteritums
1043 3538 1187 3588 verbunden
1215 3540 1298 3608 wird;

221 3611 313 3698 pedocb
327 3611 404 3662 findet
419 3611 473 3661 sich
488 3611 552 3660 auch
569 3610 645 3660 sebon
663 3608 704 3658 boi
720 3609 770 3658 ihm
785 3607 913 3658 bisweilen
927 3607 972 3658 der
986 3605 1065 3673 Conj,
1078 3605 1129 3670 vgl.
1140 3604 1160 3670 l,
1174 3609 1217 3674 24,
1233 3611 1298 3676 112;

225 3685 265 3744 04,
283 3682 386 3833 27233llam
402 3759 436 3814 ut,
456 3765 484 3798 so
506 3748 545 3798 die
563 3745 734 3813 gewdbulicbe
747 3744 934 3808 Wortstellung
948 3745 990 3794 des
1004 3753 1032 3794 ut
1043 3741 1297 3809 binterNegntionen

223 3819 274 3866 und
291 3836 386 3948 mere,
403 3886 447 3935 das
461 3882 641 3949 regelmiissiga
651 3883 761 3933 Verbum
773 3881 814 3932 liir
829 3883 873 3932 des
885 3879 1026 3932 Auletelleu
1038 3881 1107 3931 einer
1121 3881 1297 3950 Beheuptung,

224 3954 319 4005 welche
338 3954 375 4004 als
392 3953 536 4018 Gruudlage
555 3954 625 4004 einer
642 3950 839 4015 nachsolgenden
851 3950 1006 4014 Erbrterung
1022 3949 1110 4000 dienen
1123 3949 1181 4014 soll,
1200 3953 1300 4016 grieeb.

224 4025 348 4084 relevum
366 4021 417 4085 vgl
433 4021 507 4075 Tusc.
526 4022 588 4088 disp.
608 4020 626 4072 l.
647 4023 672 4084 4,
693 4025 721 4084 73
740 4021 822 4072 deor.
840 4017 858 4070 l.
881 4019 921 4082 33,
945 4021 993 4072 149
1008 4035 1033 4072 u.
1047 4033 1070 4070 o.
