2756 4520
313 367 354 416 DE
375 365 538 432 ORATORE,
557 368 601 420 lib.
619 367 660 422 111.
680 385 733 436 cap.
754 371 778 422 6.
797 369 942 435 §ut—23.
1095 435 1097 448 .
1127 369 1166 436 21
1273 397 1287 428 ·,
1336 397 1338 404 ’
1366 431 1367 438 ,

96 533 186 602 utque
199 523 398 584 aeternitatem
407 542 582 586 conservare
591 526 713 604 possint.
730 525 786 586 Sed
799 525 823 586 si
837 525 1011 587 haeemeior
1022 529 1167 590 esseratio
1183 527 1212 590 6.
1223 531 1268 588 21.
1303 511 1339 544 ⁵¹⁴
1355 517 1367 588 ἦ,

96 609 224 682 videtur,
241 625 329 687 quam
343 618 376 669 ut
392 609 546 670 hominum
562 611 655 688 possit
669 629 758 671 sensu
773 619 824 672 sut
840 612 1014 691 cogitetione
1029 632 1167 693 compre·
1286 621 1301 692 ,J
1339 619 1342 684 j
1366 619 1367 642 ³

96 694 198 765 nendi,
214 706 258 754 est
273 695 359 754 etiam
373 694 419 755 illa
434 695 562 756 Plutonis
578 715 645 756 vera
662 705 689 756 et
706 696 766 772 tihi,
789 697 896 768 Catule,
912 707 989 758 certe
1004 717 1066 758 uon
1080 698 1167 760 inau—
1259 713 1266 760 .’
1285 741 1288 752 .
1352 763 1355 770 q

96 781 157 840 dita
170 798 245 852 vox,
266 797 384 840 omnem
402 779 566 843 doctrinam
588 781 693 841 harum
708 782 903 860 ingenuarum
926 793 954 842 et
970 783 1166 845 humanarum

94 865 206 926 artium
222 883 283 925 uuo
300 865 428 942 quodam
444 866 588 926 societatis
603 866 721 926 vinculo
738 867 890 928 contineri.
931 867 987 928 Ubi
1002 869 1081 928 enim
1096 887 1167 948 per-

92 950 254 1030 spectauis
270 959 313 1010 est
328 951 449 1012 rationis
466 952 537 1024 ciue,
554 969 610 1028 qua
628 971 839 1012 cutrsaererum
854 961 941 1030 etque
952 953 1045 1014 exitus
1054 972 1166 1034 cogno-

92 1045 231 1116 suuntur,
244 1035 336 1095 mirus
349 1036 467 1114 quidem
478 1038 610 1097 omnium
620 1038 704 1116 qussi
712 1055 875 1098 consensus
884 1039 1166 1100 doctrinarumcon-
1298 1103 1304 1120 ,γ
1367 1111 1368 1118 ,

94 1130 261 1198 centusque
276 1121 431 1198 reperitur.
454 1123 509 1182 Sed
526 1122 550 1182 si
570 1123 626 1182 hoc
639 1123 879 1201 quoquevidetur
892 1142 955 1184 esse
970 1125 1061 1195 altius,
1077 1143 1166 1202 quem
1181 1133 1221 1184 22.
1262 1119 1264 1124 ’
1305 1119 1322 1196 J
1367 1135 1368 1146 ¹

94 1215 129 1267 ut
143 1205 173 1266 id
193 1223 249 1265 nos
262 1205 344 1265 humi
361 1207 441 1268 strati
456 1207 605 1286 suspicere
617 1208 776 1288 possimus,
791 1208 860 1268 illud
875 1218 952 1270 certe
963 1217 1069 1288 temen,
1085 1210 1166 1288 quod
1240 1247 1241 1250 =
1323 1285 1324 1288 Ἴ
1352 1203 1368 1214 ”

94 1291 225 1370 amplexi
241 1307 353 1364 sumus,
370 1292 450 1370 quod
466 1293 650 1372 profitemur,
666 1293 745 1371 quod
761 1294 954 1372 suscepimus,
977 1313 1064 1356 nosse
1080 1305 1108 1356 et
1122 1305 1166 1356 te·
1257 1301 1259 1306 ’
1343 1345 1345 1352 ,
1367 1361 1368 1370 ,

91 1375 325 1437 ueredehemus.
340 1377 405 1438 Une
421 1387 464 1437 est
479 1378 567 1450 enim,
581 1378 660 1456 quod
676 1389 704 1439 et
718 1397 771 1456 ego
788 1379 926 1439 hesterno
942 1379 989 1440 die
1001 1381 1060 1440 dixi
1077 1391 1104 1442 et
1113 1381 1166 1442 ali-
1367 1377 1368 1384 '

93 1469 171 1541 quot
185 1462 257 1521 locis
274 1463 503 1524 antemeridiano
520 1482 657 1524 sermone
673 1464 1007 1543 significavitAntonius‚
1023 1466 1166 1544 eloqueu-
1365 1533 1368 1540 .

92 1549 142 1619 tis,
158 1564 362 1626 quascumque
378 1551 408 1609 in
425 1566 491 1609 oras
508 1548 711 1628 disputationis
727 1549 899 1627 regionesve
910 1551 1002 1610 deletu
1018 1560 1070 1612 est.
1092 1553 1166 1614 Num
1181 1563 1221 1614 23.
1233 1581 1237 1596 ³

91 1633 156 1694 sive
172 1633 209 1693 de
225 1631 296 1692 coeli
313 1641 415 1694 nutura
431 1634 562 1712 loquitur
578 1634 637 1694 sive
654 1635 689 1694 de
705 1643 807 1705 terrae,
823 1636 883 1696 sive
899 1635 934 1694 de
950 1635 1047 1696 divina
1063 1637 1091 1697 vi
1106 1638 1166 1698 sire
1326 1641 1327 1648 ’

183 1763 214 1824 6.
234 1769 275 1819 21.
293 1772 372 1818 ratio:
389 1768 656 1832 Betruchtungsweise,
675 1785 761 1819 seusu:
775 1768 947 1834 Vorstelluug.

182 1840 267 1888 etiam:
289 1836 431 1886 eusserdem
450 1837 490 1888 od.
509 1837 594 1887 immer
613 1839 685 1904 noch,
703 1837 734 1886 da
755 1839 817 1886 auch
836 1839 879 1888 der
898 1839 1101 1902 vorhergeheude
1115 1838 1165 1890 Ge-

90 1907 176 1958 dsuku
197 1906 236 1954 als
255 1904 348 1969 richtig
365 1912 556 1970 vorausgesetzt
573 1905 644 1972 wird,
668 1921 740 1956 wenu
759 1906 801 1956 ihu
821 1908 885 1957 such
902 1907 967 1957 riele
993 1907 1062 1957 nicht
1084 1907 1166 1970 erfas-

89 1993 137 2027 seu
157 1976 265 2024 kdnuen.

179 2045 330 2113 Platonis-7
358 2058 415 2092 eeu:
434 2040 544 2108 Epiuom.
563 2059 586 2108 p.
606 2045 655 2094 692
674 2043 719 2093 ΑΛ
748 2042 850 2115 δεσμὸς
868 2039 922 2116 γὰρ
941 2042 1073 2114 πεφυκώς
1092 2041 1166 2098 ποίν-

90 2131 151 2166 των
170 2105 278 2164 τούτων
299 2116 338 2168 εἰς
356 2106 566 2180 ἀναφανήσεται
586 2110 813 2182 διανοουμένοις,
834 2113 884 2176 vgl.
902 2119 976 2163 unten
995 2115 1098 2176 33,136
1117 2116 1166 2165 uud

91 2200 114 2248 p.
124 2181 204 2232 Arch.
220 2196 243 2245 p.
256 2183 278 2242 1,
290 2183 319 2230 2:
338 2184 423 2230 eteuim
443 2197 522 2231 omues
540 2191 611 2243 autes,
629 2197 689 2244 quus
705 2185 739 2230 ud
748 2184 919 2233 immanitatem
928 2187 1060 2244 peutiucut,
1080 2186 1167 2235 debeut

88 2254 215 2316 quoddam
236 2265 357 2300 commuue
371 2253 492 2300 uiucuium
507 2260 528 2300 et
542 2254 613 2313 quasi
620 2255 759 2314 aequatione
770 2255 872 2314 quedem
885 2255 947 2303 iuter
966 2269 990 2302 ee
1006 2257 1165 2304 ceutiueutur.

183 2321 276 2368 Oetuic:
297 2332 325 2366 er
343 2318 441 2367 wendet
453 2318 505 2368 sich
519 2318 651 2368 besonders
668 2335 699 2367 sn
718 2319 764 2370 deu
779 2317 860 2369 feiueu
880 2317 980 2370 lieuner
995 2320 1165 2384 griechischen

92 2384 287 2440 Wissenschoft
306 2387 354 2436 und
372 2386 475 2451 speciell
494 2385 661 2452 Philosophie.

183 2459 299 2506 racionis:
318 2456 363 2506 der
380 2453 651 2518 Veruunftthiitigkeit.
676 2454 854 2506 DerGedsuke
873 2455 973 2508 istilst
995 2473 1050 2507 mun
1069 2465 1122 2508 erst
1139 2460 1164 2509 in

90 2526 132 2576 die
153 2523 373 2589 geheimuissvolle
386 2524 549 2574 Werkst'eitte
568 2527 613 2574 der
629 2525 812 2576 menschlicheu
829 2523 953 2575 Vernunft
970 2526 1164 2591 eingedruugeu,
1233 2565 1237 2588 ,

90 2594 201 2655 welche,
228 2593 275 2642 wie
299 2592 335 2642 sie
359 2592 438 2642 selbst
463 2593 503 2642 die
527 2591 667 2658 Principien
686 2593 736 2642 und
754 2591 885 2644 Resultute
904 2595 969 2644 aller
985 2595 1064 2659 Dioge
1087 2597 1165 2647 sowie

90 2664 236 2726 iiberhsupt
262 2662 308 2711 deu
329 2662 361 2710 im
379 2677 475 2725 genuen
496 2660 642 2712 Universum
671 2662 845 2712 vorhandeneu
865 2661 1078 2728 Zusemruenhsng
1102 2665 1166 2715 oller

90 2731 242 2782 wirkeuden
254 2727 468 2793 midsommer,
487 2746 514 2779 so
528 2731 625 2780 anchin
637 2731 681 2780 den
692 2747 740 2780 von
753 2731 793 2780 ihr
805 2738 939 2794 erzeugten
948 2732 1164 2783 Wisseuschusteu
1208 2735 1210 2748 ¹

90 2801 179 2851 diesen
187 2799 403 2862 Zusummeuhaug
413 2815 467 2848 zum
473 2799 604 2849 Ausdruek
614 2799 708 2864 hriugt,
728 2816 755 2849 so
768 2799 830 2848 wird
840 2799 892 2850 sich
901 2801 963 2849 such
974 2801 1013 2850 die
1024 2801 1110 2852 iuuere
1117 2803 1163 2852 Be-

90 2869 204 2931 ziehuug
223 2868 267 2916 der
284 2867 406 2918 letztere'u
426 2866 471 2918 uuf
484 2868 604 2928 einander
622 2869 676 2918 dem
695 2868 873 2918 Verst'duduiss
892 2869 1010 2932 nirgeuds
1024 2870 1163 2922 eutzieheu.

181 2938 223 2988 22.
242 2940 372 2997 suspicere:
397 2936 482 2986 seiueu
501 2936 570 2986 Blick
589 2937 696 2987 erhebeu
716 2953 747 2986 zu
768 2964 806 3002 -,
834 2936 883 2986 wie
901 2935 971 2986 Luel.
993 2941 1017 3004 6,
1034 2942 1078 2991 32:
1101 2943 1167 2991 uidit

88 3012 154 3059 cuim
175 3010 262 3066 ultum,
280 3009 344 3055 uidit
360 3009 513 3070 muquifleum
530 3023 559 3055 ac
576 3009 684 3057 diuinum
701 3010 818 3068 suspicere
829 3015 941 3071 possum,
959 3012 1005 3071 qui
1017 3025 1075 3058 sues
1087 3013 1164 3060 omuis

90 3079 249 3142 ceqitutioues
267 3076 401 3125 adiecerunt
418 3079 445 3124 in
463 3092 513 3125 rem
530 3085 578 3124 tam
595 3078 708 3125 humilem
726 3085 820 3139 tumque
835 3086 998 3136 comtemptum.

182 3146 249 3208 quod
263 3146 404 3204 ampteui-
426 3149 588 3206 suscepimus:
607 3144 653 3193 den
674 3160 722 3192 von
743 3160 788 3194 uus
806 3144 947 3194 erwtihltcu
963 3143 1045 3206 Beruf,
1066 3161 1097 3194 zu
1110 3147 1164 3194 dem

90 3213 139 3263 wir
160 3227 209 3262 uns
227 3211 363 3274 bukenem,
383 3211 494 3262 welchcu
516 3213 564 3262 wir
582 3213 692 3262 ern'tihlt
705 3213 793 3262 heheu.
813 3212 839 3262 In
850 3213 941 3262 diesem
953 3213 1028 3263 Since
1038 3214 1163 3263 erscheiut

88 3285 206 3346 proficui
216 3280 266 3330 unu
273 3285 391 3342 suscipere
401 3280 438 3330 oft
448 3282 599 3344 verbunden,
617 3297 644 3330 so
655 3279 701 3340 l.3,
710 3284 738 3332 21
750 3299 757 3343 ς
767 3283 808 3341 22,
819 3285 880 3344 163;
890 3283 1003 3346 25,116;
1018 3281 1163 3346 1636153.

183 3353 293 3400 hesterno
310 3353 355 3412 die,
375 3366 394 3399 s.
414 3348 431 3401 Ι.
454 3353 492 3412 13,
507 3353 539 3402 66
551 3350 574 3400 ff.
594 3351 644 3399 und
663 3350 714 3399 bes.
736 3352 775 3402 13.
789 3354 835 3403 59:
853 3360 969 3402 oratorem
983 3353 1083 3412 pienum
1095 3360 1164 3412 etque

90 3421 227 3482 perfectum
245 3435 293 3467 esse
305 3435 357 3468 eum
367 3423 451 3480 dicem,
469 3421 550 3483 quide
562 3422 671 3470 omuibus
684 3422 754 3469 rebus
767 3423 844 3480 pessit
852 3423 942 3481 copiose
956 3423 1067 3483 uarieque
1078 3423 1161 3468 dicere.

179 3491 273 3550 aliquot
287 3491 349 3549 iocis,
369 3488 409 3538 bei
427 3487 546 3538 welchem
560 3487 692 3537 Ausdruek
706 3487 756 3539 Cic.
775 3488 886 3552 weniger
900 3503 930 3536 au
944 3487 983 3536 die
995 3488 1162 3552 gesproehene

90 3557 130 3606 uls
149 3573 181 3607 un
201 3556 241 3605 die
260 3556 437 3619 geschriebene
456 3554 629 3619 Unterredung
648 3556 732 3606 deukt.
761 3556 851 3606 Solche
870 3556 964 3605 Stelleu
986 3555 1042 3604 siud
1059 3556 1092 3604 im
1102 3558 1125 3606 2.
1137 3556 1162 3606 6.

92 3628 117 3688 8,
137 3628 185 3678 34:
208 3628 293 3688 Neque
316 3629 367 3676 utta
391 3642 440 3675 uou
454 3629 559 3687 propriu
576 3630 679 3676 oratorie
695 3643 734 3676 ree
756 3636 797 3688 eu,
822 3642 882 3688 quae
904 3627 998 3688 quidem
1017 3634 1099 3675 cruere
1116 3627 1166 3673 diei

89 3700 247 3758 queriturque
265 3696 328 3744 debet
347 3694 385 3758 ff.;
402 3694 471 3744 ebds.
493 3696 532 3756 16,
551 3696 584 3746 ot
604 3693 627 3742 6.

180 3780 238 3812 erae
256 3767 402 3827 repieuesce:
421 3763 511 3812 Siiume
530 3763 590 3812 oder
600 3760 721 3825 Greuzeu‚
740 3761 763 3812 d.
773 3762 789 3813 i.
803 3759 1036 3824 entferntliegeude
1049 3759 1163 3824 Gebiem,

90 3829 169 3882 diters
193 3832 239 3881 mit
256 3831 375 3881 einander
393 3831 544 3891 verbunden,
560 3831 607 3880 wie
620 3848 642 3897 p.
653 3830 718 3880 Sest.
729 3833 771 3894 61,
787 3833 848 3882 129:
867 3830 1015 3893 (Pompeius)
1031 3833 1164 3892 tripertitae

89 3905 155 3952 ordis
177 3911 299 3952 terrarum
319 3917 375 3952 erus
392 3910 463 3964 utque
481 3905 586 3964 reqieues
605 3904 684 3950 tribus
702 3903 831 3960 triumphis
848 3902 973 3948 adiunctus
990 3901 1046 3950 duic
1064 3904 1163 3960 imperio

90 3974 189 4021 ueteuit.
211 3968 269 4033 Vgt.
289 3972 353 4018 auch
370 3968 399 4018 ll.
420 3971 459 4032 16,
480 3973 511 4021 63
520 3988 526 4022 z
544 3973 723 4031 circumscripta
739 3971 837 4018 medicis
852 3971 995 4031 reqieuidus.

180 4040 221 4090 23.
247 4056 277 4090 eu
294 4040 411 4101 inferiore
428 4043 484 4103 loeo,
509 4053 556 4086 vor
574 4039 628 4088 deru
649 4036 694 4086 uuf
709 4037 763 4086 ‹lem
782 4038 901 4086 erhtihten
923 4035 1044 4086 Tribunul
1069 4037 1162 4086 situen-
