2826 4520
204 309 246 374 58
405 309 447 359 nu
468 309 630 372 onerent,
649 309 691 360 lib.
706 309 724 360 Ι.
745 325 798 375 cap.
816 312 854 362 19.
872 312 912 363 20.
931 308 1072 374 §su-89.

144 474 189 524 86.
203 464 314 525 libellis.
359 465 446 539 Quod
461 464 486 525 si
507 473 615 526 tantam
631 465 689 524 vim
706 483 806 525 rerum
828 465 1022 526 maximarum
1045 475 1106 527 arte
1128 485 1180 528 sna
1203 468 1275 529 rhe-

203 549 288 610 torici
317 549 357 610 illi
386 550 522 611 doctores
553 551 832 628 complecterentur,
865 551 1023 629 quaerebat
1052 570 1105 612 cnr
1137 552 1173 612 de
1199 571 1274 631 pro-

205 635 309 694 oemiis
331 635 416 696 etde
439 636 560 714 epilogis
582 635 667 696 etde
689 635 874 695 huiusmodi
893 636 1036 714 nugis—
1059 636 1101 696 sic
1119 638 1197 698 enim
1220 657 1276 716 ap-

206 719 329 798 pellabat
357 755 398 764 -—
425 721 528 781 referti
556 729 654 780 essent
682 738 787 780 eorum
817 719 892 793 hhri,
926 721 962 781 de
992 721 1155 782 civitatibus
1187 723 1275 784 insti—

207 805 330 880 tuendis,
354 805 390 864 de
414 804 576 866 scribendis
596 803 718 882 legibus,
740 805 777 864 de
791 805 942 883 aequitate,
966 805 1002 866 de
1018 806 1135 879 iustitia,
1158 807 1194 867 de
1208 807 1277 882 tide,

155 901 158 906 '
205 889 241 949 de
258 889 427 968 frangendis
443 889 657 968 cupiditatibus,
679 889 715 948 de
733 890 954 951 conformandis
969 891 1127 952 hominum
1142 891 1278 953 moribus

147 979 191 1029 87.
204 974 298 1035 littera
320 974 398 1035 nulla
424 974 455 1033 in
478 971 582 1034 eornin
604 973 685 1034 libris
706 975 897 1036 inveniretur·
940 975 1006 1054 lpsa
1028 995 1099 1036 vero
1122 986 1279 1056 praecepta

205 1059 247 1120 sic
268 1059 402 1120 inludere
424 1058 543 1134 solebat,
568 1067 600 1118 ut
621 1059 788 1120 detenderet
808 1078 869 1119 non
894 1060 983 1120 modo
1002 1079 1052 1121 eos
1070 1061 1195 1139 expertis
1212 1081 1278 1124 esse

203 1143 279 1204 illius
300 1143 489 1222 prudentiae,
519 1161 608 1221 qnam
631 1143 686 1204 sihi
708 1144 898 1224 asciscerent,
921 1145 973 1206 sed
996 1164 1034 1205 ne
1055 1147 1132 1206 hanc
1154 1146 1278 1225 quidem

203 1229 300 1307 ipsam
323 1228 439 1289 dicendi
465 1228 608 1288 rationem
630 1247 664 1288 ao
687 1229 762 1288 viam
785 1247 882 1290 nosse.
933 1230 1027 1308 Caput
1048 1232 1126 1291 enirn
1149 1230 1276 1292 arbitra-

202 1313 290 1374 batur
316 1331 379 1373 esse
408 1313 549 1385 oratoris,
581 1322 614 1373 ut
635 1321 663 1373 et
683 1313 745 1392 ipse
766 1313 817 1385 iis,
851 1315 928 1392 apud
959 1333 1035 1395 quos
1056 1326 1170 1394 ageret,
1200 1317 1274 1393 talis,

201 1397 321 1475 qualem
342 1416 374 1457 se
395 1416 460 1458 esse
483 1405 610 1475 optaret,
636 1397 800 1471 videretnr3
827 1399 855 1459 id
878 1399 943 1460 fieri
964 1400 1037 1462 vitae
1060 1401 1213 1479 dignitate,
1237 1403 1276 1463 de

199 1499 261 1558 qna
283 1481 356 1541 nihil
376 1482 515 1542 rhetorici
535 1482 583 1542 isti
603 1482 739 1543 doctores
752 1483 784 1542 in
800 1485 961 1563 praeceptis
984 1486 1045 1546 suis
1067 1485 1273 1564 reliquissent:

199 1566 295 1627 etuti
318 1567 359 1639 ei,
388 1567 439 1645 qui
460 1566 608 1640 audirent,
638 1567 681 1627 sic
702 1567 896 1630 adficerentur
918 1571 1040 1643 animis,
1063 1579 1095 1632 ut
1117 1589 1168 1631 eos
1188 1571 1276 1632 adfici

203 1651 288 1711 vellet
309 1661 423 1725 orator3
446 1653 527 1731 quod
547 1653 617 1714 item
638 1653 701 1713 heri
716 1653 902 1714 nullomodo
921 1672 1017 1732 posse,
1040 1656 1096 1715 nisi
1115 1665 1275 1734 cognosset

201 1735 236 1808 is,
259 1736 309 1813 qni
328 1736 444 1810 diceret,
467 1746 540 1816 quot
563 1738 657 1798 modis
680 1739 835 1798 hominnm
857 1749 969 1799 mentes
992 1749 1021 1800 et
1042 1740 1149 1818 quibus
1167 1748 1195 1801 et
1213 1759 1276 1820 qno

204 1838 310 1899 genere
332 1822 473 1883 orationis
494 1823 524 1883 in
547 1841 696 1901 quamque
719 1833 831 1901 partem
852 1833 1061 1898 moverentur3
1084 1826 1156 1885 haec
1175 1835 1277 1886 autem

204 1924 268 1966 esse
288 1907 405 1985 penitus
423 1909 454 1968 in
476 1907 571 1968 media
591 1908 774 1986 philosophia
804 1915 917 1968 retrusa
939 1919 1026 1987 atque
1056 1909 1167 1981 abdita,
1198 1929 1277 1989 quae

145 2009 189 2059 88.
203 1991 249 2052 isti
271 1992 404 2053 rhetores
428 2011 465 2053 ne
487 1991 667 2071 primoribus
691 1991 811 2069 quidem
834 1992 921 2052 labris
943 1995 1111 2072 attigissent
1148 1995 1189 2056 Ea
1209 1996 1275 2056 Me·

203 2077 346 2140 nedemus
370 2077 513 2155 exemplis
531 2077 621 2154 magis
636 2094 725 2154 quam
748 2079 928 2155 argumentis
949 2079 1110 2140 conabatur
1130 2080 1277 2141 refellere.

202 2162 371 2222 Memoriter
403 2162 483 2221 enim
515 2161 605 2220 multa
635 2178 670 2220 ex
701 2161 883 2222 orationihus
909 2164 1099 2225 Demostheni
1127 2165 1278 2243 praeclare

202 2247 311 2325 scripta
338 2246 533 2324 pronuntians
565 2245 688 2306 docebat
708 2246 790 2306 illum
813 2246 844 2306 in
866 2248 971 2308 animis
1001 2249 1048 2310 vel
1073 2249 1206 2312 indicum
1229 2251 1279 2312 vel

203 2331 305 2409 populi
333 2331 365 2390 in
396 2349 517 2391 omnem
550 2338 663 2408 partem
694 2330 818 2391 dicendo
848 2333 1056 2409 permovendis
1088 2352 1150 2394 non
1182 2335 1278 2396 luisse

202 2416 347 2492 ignarum,
367 2415 475 2492 quibus
491 2433 524 2475 ea
537 2415 626 2476 rebus
649 2424 890 2493 consequeretur,
912 2435 987 2496 qnae
1010 2429 1129 2497 negaret
1144 2419 1192 2479 ille
1207 2421 1276 2481 sine

75 2514 132 2578 20,
147 2521 187 2573 89.
202 2499 387 2577 philosophia
417 2517 597 2579 quemquam
627 2517 715 2561 nosse
745 2518 841 2578 posse.
896 2502 972 2563 llnic
992 2503 1191 2582 respondebat
1212 2521 1279 2566 non

202 2631 431 2696 Zusammenhange
449 2632 547 2696 ergibt,
573 2649 623 2683 von
644 2633 802 2684 Menedemus
825 2635 862 2686 als
884 2633 984 2686 llanner
1007 2637 1052 2687 der
1076 2637 1280 2688 Staatsverwal·

201 2707 263 2766 tung
282 2701 307 2750 in
328 2699 423 2750 Schutz
441 2716 584 2766 genomman
602 2702 704 2752 worden
721 2701 785 2752 sind.

272 2771 313 2822 86.
349 2773 377 2820 de
394 2771 587 2833 conformandis:
605 2770 668 2820 iiber
686 2770 726 2820 dia
746 2771 912 2836 Veredelnng.

272 2842 299 2888 io
317 2855 398 2889 corson
418 2841 495 2901 lebria,
521 2839 683 2902 wiederholt‚
706 2838 766 2888 weil
784 2839 834 2890 Cic.
853 2840 879 2889 in
895 2839 1067 2904 Gegensitaon
1089 2840 1130 2891 die
1146 2840 1278 2892 vollstiin-

198 2906 258 2970 ‹lige
278 2905 445 2972 Auspriignng
462 2907 505 2958 des
524 2906 672 2958 Godankens
690 2906 759 2959 liebt.

271 2976 312 3027 87.
347 2978 518 3027 arbitrabatur.
565 2977 615 3026 Dar
638 2976 769 3025 Ausdruck
797 2975 936 3042 antspricht
962 2977 1017 3026 dom
1044 2975 1204 3042 Standpnnlt
1231 2979 1279 3030 des

201 3042 397 3106 Akademikers3
415 3059 435 3092 s.
451 3060 472 3094 z.
494 3047 532 3106 18,
553 3048 598 3096 Sl:
616 3047 747 3095 advocare.
1025 3096 1027 3099 ,

272 3114 315 3164 81.
350 3115 405 3161 tale'e
428 3138 462 3147 -·
486 3115 613 3163 videmur.
652 3111 723 3162 Anah
744 3111 775 3162 ll.
793 3114 835 3175 41,
860 3113 906 3164 176
931 3109 1058 3161 wirdhic
1084 3112 1196 3163 ethische
1221 3117 1276 3166 und

200 3177 411 3246 psycbologische
437 3179 624 3244 Durchhildung
649 3179 687 3230 als
716 3180 771 3231 eine
799 3177 989 3245 llanptaulgahe
1015 3180 1058 3230 des
1085 3180 1196 3232 llerlners
1227 3183 1277 3234 be·

203 3250 328 3299 trachtat:
365 3249 395 3298 Si
407 3263 462 3298 rere
476 3251 632 3313 adsequetur,
651 3259 680 3300 ut
698 3254 754 3300 tatia
770 3253 894 3312 videatur,
919 3253 1012 3311 qualem
1029 3265 1053 3298 re
1070 3253 1149 3300 offert
1165 3254 1231 3314 oetr't,
1252 3265 1277 3306 et

199 3321 295 3368 animoa
318 3331 402 3366 eorum
424 3320 459 3366 tto
484 3320 600 3380 adficiat,
628 3321 695 3380 apud
717 3333 776 3382 quoe
793 3328 858 3384 aget,
888 3326 916 3368 ut
940 3333 977 3367 eoa
1002 3333 1149 3382 quocumque
1164 3323 1220 3371 reto
1237 3326 1279 3373 orl

199 3390 297 3437 trahere
313 3388 350 3436 oet
368 3400 453 3445 rapere
466 3390 550 3448 poerit,
567 3388 633 3450 attat
644 3387 754 3450 profecto
771 3395 895 3447 praetem
910 3388 944 3436 ad
956 3388 1083 3438 domuum
1100 3391 1213 3451 requiret.

272 3459 334 3516 iton,
352 3451 413 3502 weil
429 3453 493 3503 auch
512 3469 563 3503 von
581 3455 635 3504 dem
655 3460 739 3504 ersten
752 3453 825 3505 Theil
843 3469 916 3504 wenn
934 3455 997 3504 anch
1010 3453 1080 3503 nicht
1096 3456 1278 3509 ansdriicklich

202 3529 299 3589 gesagt
321 3537 349 3572 so
369 3521 432 3572 doch
448 3520 557 3585 gemeint
573 3523 617 3585 ist,
643 3522 701 3572 dass
718 3537 746 3572 er
764 3539 811 3572 nur
830 3523 909 3572 durch
927 3522 972 3571 das
992 3521 1106 3573 Studium
1125 3524 1170 3574 der
1189 3522 1280 3578 Philo-

200 3591 287 3656 sophia
306 3589 416 3641 erraicbt
435 3591 534 3640 werdon
553 3591 619 3640 kann
639 3589 992 3656 (immoderatiorem.)

273 3663 313 3714 88.
350 3651 491 3722 memoriter,
509 3675 528 3709 s.
547 3673 569 3708 z.
589 3661 629 3722 15,
649 3660 681 3710 64

271 3731 438 3790 Demostheni,
465 3726 520 3778 eine
546 3727 587 3778 bei
611 3726 664 3779 Cic.
685 3727 744 3776 sehr
774 3725 946 3790 gewdhnlicbe
971 3724 1046 3776 llorm
1072 3727 1116 3778 (les
1140 3726 1203 3780 Gen.
1230 3730 1280 3782 der

198 3796 374 3860 griechischen
393 3813 456 3846 nom.
477 3811 559 3862 propr.
578 3794 624 3845 aul
638 3811 670 3846 ea.

267 3870 441 3927 pronuntiem,
460 3881 479 3917 s.
498 3881 519 3916 z.
540 3867 579 3926 15,
599 3867 640 3917 66.

271 3937 298 3983 tn
316 3938 403 3985 animis
417 3937 454 3986 oet
470 3937 577 3984 ludham
590 3959 624 3969 -—
633 3934 810 3994 permovendis:
829 3945 902 3981 wenn
920 3945 948 3982 es
967 3930 1022 3981 sich
1038 3931 1126 3982 (larum
1144 3932 1278 4000 bandone,

198 4000 243 4050 die
261 4000 365 4052 Richter
386 4002 463 4052 -in
480 4001 539 4066 J'ede
557 4001 680 4065 hellebige
698 3997 838 4063 Stimmnng
856 4015 888 4050 zu
905 4004 1045 4050 vorsetzen.
