2760 4520
251 347 313 412 154
453 345 496 396 nn
516 344 681 408 5111151111,
699 345 744 397 na.
763 345 792 396 n.
811 361 865 412 cap.
884 347 924 400 aa.
943 344 961 411 s
977 348 1122 400 ara-319.

249 503 307 564 hoc
329 503 420 582 magis
440 501 472 561 in
496 502 629 563 oratione
651 512 696 562 est
717 502 919 581 spectandum,
943 503 974 562 in
997 520 1055 580 qua
1078 520 1140 563 non
1164 501 1209 563 vis
1225 503 1312 582 potius,

250 605 340 667 quam
362 586 512 649 delectatio
534 585 711 665 postulatur!
733 587 810 648 Nihil
829 595 873 648 est
893 586 1021 666 denique
1043 588 1073 648 in
1097 595 1202 649 natura
1222 605 1310 650 rerum

251 673 395 754 omnium,
417 673 499 752 quod
520 691 552 733 se
575 673 747 733 universum
761 673 929 750 ,profundat
950 683 979 733 et
1000 673 1080 750 quod
1094 681 1193 734 totum
1205 681 1310 752 repente

251 759 381 831 evolvat:
416 759 459 819 sic
492 758 605 838 omnia,
638 776 713 836 quae
744 759 821 819 fiunt
851 776 986 837 quaeque
1014 767 1142 838 aguntur
1174 759 1309 828 acerrime,

178 843 412 906 318.lenioribus
439 843 591 922 principiis
618 851 722 904 natura
747 844 812 922 ipsa
833 843 1012 923 praetexuit.
1057 843 1134 904 Haec
1165 853 1262 906 autem
1286 843 1310 902 in

251 929 377 1002 dicendo
404 947 466 990 non
496 929 679 991 extrinsecus
708 929 843 989 alicunde
872 929 1056 1007 quaerenda,
1085 929 1137 990 sed
1168 948 1204 991 ex
1232 929 1309 1008 ipsios

251 1014 413 1076 visceribus
443 1033 548 1075 causae
575 1013 719 1074 sumenda
740 1022 819 1076 sunt
862 1014 975 1086 Idcirco
998 1022 1169 1082 totacausa
1192 1023 1308 1098 pertem-

251 1110 329 1180 ptata
350 1108 437 1179 atque
458 1108 625 1178 perspecta,
656 1099 728 1160 locis
750 1099 890 1160 omnibus
913 1099 1041 1160 inventis
1063 1108 1151 1178 atque
1173 1099 1309 1161 instructis

181 1190 239 1244 319.
253 1184 501 1246 considerandum
531 1194 575 1245 est
607 1202 667 1264 quo
697 1185 843 1263 principio
866 1185 903 1246 sit
924 1185 1078 1246 utendum.
1124 1187 1173 1247 Sic
1195 1184 1309 1256 etfacile

251 1270 454 1350 reperientur:
476 1279 632 1331 sumentur
654 1269 733 1330 euim
749 1289 785 1330 ex
798 1271 833 1331 iis
848 1269 946 1343 rebus,
969 1288 1043 1348 quae
1058 1280 1146 1338 erunt
1160 1270 1310 1331 uberrimae

251 1357 298 1416 rel
325 1356 358 1416 in
383 1356 562 1433 argumentis
590 1357 636 1416 vel
663 1357 694 1416 iu
723 1355 758 1415 iis
786 1355 931 1433 partibus,
961 1357 997 1416 ad
1028 1374 1101 1434 quas
1131 1356 1192 1418 dixi
1205 1352 1310 1435 ,digredi

252 1459 338 1520 saepe
361 1449 516 1519 oportere,
547 1441 602 1518 [ita]
626 1448 655 1502 et
676 1440 818 1502 momenti
841 1439 950 1518 aliquid
972 1441 1118 1513 adferent,
1149 1461 1218 1503 cum
1239 1449 1311 1502 eruut

251 1544 345 1605 paene
371 1545 407 1586 ex
434 1526 536 1588 intima
565 1525 737 1586 defensione
765 1525 962 1604 deprompta,
987 1537 1016 1587 et
1035 1527 1187 1605 apparebit
1209 1547 1242 1588 ea
1261 1542 1309 1586 non

252 1611 342 1672 modo
365 1629 427 1671 non
448 1630 512 1673 esse
535 1610 705 1672 communia
725 1629 780 1672 nec
802 1611 921 1678 inalias
941 1629 1042 1682 causas
1059 1631 1147 1690 posse
1163 1609 1311 1679 transferri,

252 1696 303 1757 sed
325 1697 443 1778 penitus
465 1716 501 1758 ex
523 1717 556 1758 ea
578 1715 672 1771 causa,
695 1715 770 1776 quae
791 1705 855 1757 tum
878 1706 988 1774 agatur,
1010 1697 1187 1759 effloruisse.

317 1902 368 1936 non
380 1911 414 1920 -
421 1888 504 1947 potius
522 1899 602 1946 qoam,
622 1880 679 1945 vgl.,
695 1882 737 1947 29,
761 1883 821 1942 126:
849 1886 1018 1945 compromisso
1028 1886 1126 1947 51511151,
1137 1883 1217 1948 Ι5115111
1230 1911 1261 1920 -
1272 1899 1311 1930 mo·

250 1959 336 2014 totam
355 1957 467 2015 speeiem:
486 1967 517 2001 zu
535 1951 615 2001 einem
633 1951 740 2000 sehfineu
761 1951 899 2001 Aussehen.

317 2041 342 2074 ae
354 2024 549 2087 eprosundat,
575 2020 627 2084 vgl.
647 2022 689 2082 21,
709 2021 757 2072 88:
778 2036 835 2078 ,oeae
858 2023 970 2079 orantum,
982 2022 1165 2082 profuderunt„
1195 2020 1249 2072 Vor
1264 2035 1312 2082 pro·

245 2093 339 2155 fundat
357 2090 455 2141 schoint
475 2089 515 2139 ein
530 2087 609 2139 Wort
627 2088 676 2138 wie
692 2091 806 2150 pretinm
821 2088 976 2152 ausgelallon
994 2106 1025 2139 zu
1042 2089 1111 2156 sein,
1142 2090 1250 2140 welches
1268 2089 1312 2137 deu

249 2159 382 2225 folgenden
400 2168 495 2220 repento
511 2157 670 2222 entsprioht.'
1255 2208 1257 2212 ¹

318 2233 385 2294 quod
396 2238 469 2279 totum
482 2235 577 2288 repente
587 2230 691 2277 eootoac:
709 2225 818 2284 welches
830 2225 884 2276 sein
896 2241 987 2290 ganzes
1000 2225 1112 2292 lunares,
1133 2227 1218 2279 seineu
1230 2240 1311 2291 gamen

249 2297 434 2362 Lebensgehalt
454 2294 500 2345 auf
515 2294 607 2345 einmal
626 2295 804 2344 herauskehre.
899 2316 901 2321 ·

287 2387 288 2392 ¹
318 2371 352 2417 eie
369 2370 450 2416 omnia
468 2369 518 2414 cet.
535 2364 569 2413 ist
588 2363 625 2413 als
645 2362 804 2428 Epiphoram,
818 2363 849 2420 d.
868 2364 894 2414 h.
911 2363 949 2412 als
960 2362 1168 2430 ,uachtriigliche
1186 2365 1263 2424 durch
1278 2361 1310 2412 ein

250 2434 460 2485 demonstratives
492 2431 569 2484 Wort
598 2431 759 2495 eingeleitete
787 2429 996 2496 Rechtfertigung
1023 2432 1066 2482 des
1096 2432 1311 2498 Vorhergehenden

252 2504 401 2553 anzuseheu.
436 2501 553 2565 llliufiger
572 2500 637 2550 wird
658 2515 683 2550 as
707 2499 953 2564 madianitico,
979 2504 1036 2552 adeo
1056 2502 1117 2552 oder
1134 2519 1210 2566 oeque
1226 2520 1250 2554 eo
1266 2500 1311 2550 elu-

268 2571 362 2622 eleitet.

251 2588 267 2636 g
313 2645 399 2703 flunt:
418 2639 530 2696 entsteht
548 2636 584 2704 (111
598 2637 643 2686 dor
655 2635 754 2699 Natur),
773 2643 896 2704 mentor:
912 2637 977 2686 wird
990 2636 1207 2704 (vonihlenschen)
1220 2639 1310 2703 gethan.

290 2761 296 2777 ,
315 2711 466 2771 praetexuit:
482 2708 528 2756 hat
546 2706 715 2768 vorhereitet3
736 2707 788 2769 vgl.
802 2707 831 2756 de
846 2706 897 2764 dir.
911 2705 941 2756 ΙΙ.
957 2709 998 2768 54,
1020 2709 1085 2760 112:
1108 2713 1136 2759 fo
1153 2711 1276 2772 Stbytta'm'a
1286 2729 1310 2741 -

247 2783 336 2841 primia
355 2780 525 2830 tilemachius
543 2780 672 2826 sententiae
690 2791 786 2826 carmen
803 2781 1054 2838 515115,5155355155ΙῚ

321 2849 378 2900 318.
408 2852 436 2897 in
454 2849 560 2905 diceudo,
579 2844 714 2893 attributio
733 2844 770 2893 als
790 2845 883 2894 n'dhere
896 2843 1039 2908 Erhltirung
1056 2859 1088 2894 zu
1101 2847 1169 2896 Haec
1181 2843 1312 2908 (princepsa)

252 2914 429 2979 hinzugel'dgt3
459 2914 511 2978 vgl.
529 2930 551 2964 z.
571 2915 614 2974 53,
633 2915 696 2965 215:
726 2916 754 2962 io
777 2918 911 2964 contrariae
929 2917 1017 2974 partia
1053 2911 1087 2962 las
1113 2911 1180 2978 folgt
1201 2913 1264 2977 jetzt
1281 2910 1312 2959 die

251 2982 412 3047 Ausliihrung
423 2983 468 3033 der
481 2979 624 3032 Vorschrift
643 2985 683 3046 78,
700 2983 765 3032 316:
782 2992 832 3032 tom
847 2999 903 3040 cero
916 2999 1042 3032 caurorum
1055 2986 1160 3045 propria
1176 3000 1224 3034 oeae
1234 2985 1312 3033 11155111.

320 3057 456 3103 5115511351.
492 3051 607 3101 Diesclbe
629 3049 761 3116 Metapher
778 3049 855 3100 findet
873 3049 926 3100 sich
946 3049 1012 3102 Phil.
1031 3050 1050 3101 l.
1072 3055 1112 3114 15,
1130 3053 1177 3102 36:
1198 3056 1240 3116 qut
1252 3053 1312 3097 —to

251 3124 361 3184 medullio
380 3124 468 3184 populi
485 3124 553 3172 Rom.
574 3138 602 3170 ao
618 3122 746 3170 uisceribus
765 3119 809 3182 (im
827 3118 954 3169 innersten
974 3117 1081 3186 Heraea)
1099 3123 1243 3184 haerebant:
1271 3116 1312 3180 vgl.

251 3190 375 3241 1151511111
394 3191 441 3238 der
459 3204 490 3238 zu
508 3187 528 3253 ξ,
543 3192 592 3241 315
611 3204 655 3238 aus
675 3187 716 3239 lll.
739 3189 780 3251 21,
804 3189 853 3240 106
872 3187 974 3238 citirten
992 3188 1079 3239 Stella.

320 3269 369 3310 tota
386 3275 458 3309 cauea
470 3267 627 3321 pertemptata
645 3264 707 3307 cet:
726 3262 797 3306 erst
815 3257 875 3306 oder
895 3272 953 3306 nur
973 3258 1093 3308 nachdem
1111 3274 1136 3308 u.
1155 3274 1175 3308 s.
1190 3271 1220 3310 w,

321 3330 380 3381 319.
400 3331 551 3390 reperientur
563 3333 610 3378 cot.
642 3324 896 3391 DerHauptgedanke
910 3324 1181 3390 imVorhergehenden
1194 3326 1239 3376 ist:
1258 3326 1314 3374 nae

251 3407 330 3449 autem
346 3399 483 3448 indicendo
498 3397 664 3458 minoipia).
679 3435 683 3444 .
699 3435 705 3447 .
721 3397 836 3444 sumenda
849 3404 914 3460 eunt,
932 3395 1054 3445 wdhrend
1067 3394 1106 3445 die
1124 3395 1214 3448 Worte
1229 3397 1313 3445 Idcirco

251 3471 350 3518 ...etc
369 3467 484 3516 utendum
509 3481 555 3514 nur
579 3463 618 3514 die
640 3462 749 3527 Geltung
775 3462 845 3512 einer
867 3462 1086 3527 parenthetiseheu
1110 3464 1159 3513 und
1181 3467 1314 3514 unwesent·

251 3535 333 3586 lichen
345 3534 501 3597 Bemerhung
515 3533 605 3596 huben,
624 3531 736 3597 weshalb
759 3533 803 3582 das
816 3529 943 3594 folgende
960 3531 1031 3581 nicht
1049 3549 1081 3582 an
1102 3533 1146 3582 das
1165 3530 1314 3583 nnmittelhar

251 3603 451 3654 voranstehende
470 3620 517 3666 quo
532 3605 656 3664 principio
677 3599 867 3664 angeschlosseu
885 3617 917 3649 zu
935 3602 1036 3651 werden
1055 3601 1193 3665 brauchte,
1218 3600 1315 3651 sondern

251 3672 306 3722 sich
324 3671 370 3722 auf
387 3673 433 3722 den
450 3669 568 3722 friiheron
587 3669 724 3720 Godanken
743 3669 862 3720 bezieheu
882 3667 978 3732 durfte,
1004 3668 1030 3718 in
1055 3670 1176 3721 walchem
1195 3671 1237 3721 der
1254 3667 1314 3718 Plur.

253 3757 302 3790 ron
315 3745 467 3802 principium
477 3741 553 3790 steht.
571 3738 621 3789 Der
635 3737 702 3788 Plur.
712 3739 757 3788 der
771 3737 906 3788 Pridieate
920 3742 1081 3805 reperientur,
1093 3750 1215 3791 1155511155
1228 3755 1250 3790 u.
1259 3752 1277 3788 s.
1287 3749 1315 3783 w.

253 3809 287 3858 ist
304 3810 357 3860 also
378 3824 442 3873 ganz
460 3804 659 3873 gerachtfartigt.

321 3884 357 3930 oet
380 3883 406 3929 in
427 3882 574 3944 argumentis
599 3883 654 3938 cet,
680 3876 732 3940 vgl.
752 3877 794 3938 72,
814 3874 992 3939 2911111171,
1018 3877 1082 3940 3103
1114 3879 1243 3930 communiit
1266 3879 1315 3928 eet,

253 3964 274 3998 s.
291 3962 312 4000 z.
332 3951 373 4012 11,
394 3950 455 4000 315:
475 3958 518 4000 out
537 3951 635 4010 oolpore
652 3955 693 3996 aut
710 3961 838 3996 commune.

322 4019 466 4082 efflorotoao,
485 4016 525 4068 ein
539 4016 653 4078 h‘a'ufiger
665 4013 760 4080 Tropus
775 4011 816 4063 fiir
830 4013 873 4064 das
886 4012 1033 4080 Entstehen,
1048 4015 1094 4064 mit
1108 4015 1152 4065 der
1164 4010 1316 4070 Vorstelluog
