2826 4520
332 332 375 385 nu
394 331 557 398 omrem,
575 333 619 386 ne.
634 333 653 385 t
671 347 724 400 up.
737 336 777 388 aa.
798 333 971 400 saar-rao.
1126 334 1187 400 129

116 489 272 552 damnatus
291 498 349 564 est,
380 507 477 570 neque
502 489 598 549 solum
621 489 724 568 primis
747 491 919 564 sententiis,
941 490 1049 569 quibus
1071 499 1185 554 tautmn

116 575 280 636 statuebant
298 575 425 648 iudices,
455 575 627 635 damnarent
654 593 691 635 an
713 574 913 647 absolverent,
937 577 989 658 sed
1011 578 1097 638 etiam
1118 579 1184 653 illis,

117 678 188 738 quas
208 660 318 721 iterum
339 660 452 739 legibus
475 661 553 720 ferre
575 660 727 721 dehebant
771 660 841 722 Erat
861 662 941 721 enim
960 662 1099 736 Athenis,
1131 683 1182 724 reo
1197 667 1256 721 att.

116 745 261 820 damnato,
283 746 308 806 si
327 749 409 807 fraus
431 745 559 823 capitalis
582 763 644 805 non
664 752 749 817 esset,
771 746 853 824 quasi
870 765 982 824 poenae
1004 749 1182 822 aestimatio;

116 839 142 890 et
162 831 305 892 sententia
329 850 396 891 cum
416 830 562 892 iudicibus
584 831 711 903 daretur,
731 831 966 910 interrogabatur
987 851 1072 907 reus,
1094 850 1182 912 quam

114 917 197 994 quasi
233 917 464 978 aestimationem
504 917 716 976 commeruisse
753 936 785 978 se
818 917 944 977 manime
986 919 1182 992 confiteretur,

115 1002 194 1080 quod
215 1020 283 1061 cum
302 1002 498 1080 interrogatus
514 1002 648 1063 Socrates
664 1010 748 1076 esset,
772 1002 926 1079 respondit
944 1021 1010 1063 sese
1029 1005 1182 1077 meruisse,

23 1109 28 1116 ·
114 1095 146 1148 ut
179 1087 367 1166 amplissimis
400 1086 564 1147 honoribus
596 1097 624 1148 et
651 1087 789 1166 praemiis
820 1087 1009 1149 decoraretur
1041 1098 1070 1150 et
1095 1098 1127 1150 ut
1156 1091 1182 1150 ei

114 1174 207 1233 victus
230 1172 395 1232 cotidianus
416 1173 447 1232 in
468 1171 613 1252 Prytaneo
635 1172 751 1250 publice
773 1171 978 1250 praeberetur,
1012 1175 1063 1253 qui
1084 1175 1181 1237 honos

112 1257 196 1336 apud.
213 1257 340 1318 Graecos
369 1258 514 1317 maximus
542 1257 674 1319 habetur.
725 1258 815 1318 Cuius
839 1276 984 1336 responso
1005 1260 1118 1322 iudices
1139 1261 1181 1322 sic
1195 1271 1252 1324 233.

112 1351 295 1415 exarserunt,
317 1351 350 1402 ut
367 1343 468 1422 capitis
483 1343 635 1404 hominem
650 1343 926 1404 innocentissimum
942 1345 1181 1407 condemnarent

111 1429 168 1502 Qui
188 1428 308 1506 quidem
329 1429 355 1490 si
376 1428 528 1502 absolutus
551 1437 641 1501 esset,
663 1428 743 1508 quod
770 1428 952 1502 mehercule,
974 1431 1087 1492 etiamsi
1110 1432 1182 1494 nihil

109 1514 145 1574 ad
166 1532 224 1573 nos
246 1513 381 1591 pertinet,
402 1522 499 1573 tanmu
515 1521 637 1592 propter
658 1515 721 1575 eius
743 1513 853 1592 ingenii
872 1515 1102 1592 magnitudinem
1118 1519 1180 1579 vel·

109 1600 184 1672 lem,
220 1617 351 1677 quonam
380 1599 470 1658 modo
501 1598 574 1659 istos
605 1599 799 1678 philosophos
821 1601 1094 1678 ferrepossemus,
1130 1603 1181 1681 qui

109 1703 211 1758 nunc,
241 1701 311 1744 cum
337 1684 384 1744 ille
404 1685 559 1744 damnatus
581 1692 639 1758 est,
673 1684 782 1745 nullam
811 1684 895 1744 eham
920 1683 957 1743 oh
985 1687 1100 1765 culpam
1123 1689 1180 1758 uisi

108 1779 231 1850 propter
262 1768 378 1830 dicendi
401 1770 598 1842 inscientiam,
627 1778 725 1830 tamen
748 1787 764 1829 a
786 1787 817 1828 se
840 1776 976 1847 oportere
999 1771 1102 1833 dicunt
1121 1775 1179 1852 peti

109 1889 321 1899 —-—-——-—

179 1941 239 1992 232.
274 1955 314 1989 reo
331 1943 443 1990 wmuuto
458 1937 492 1987 ist
508 1938 565 1988 nel.

178 2013 203 2059 ei
211 2011 291 2072 sraua
311 2007 354 2070 (=
366 2008 477 2071 sueinus)
495 2011 605 2069 capitalia
620 2025 670 2058 nou
685 2017 749 2069 asset,
771 2021 845 2057 wenn
867 2005 939 2058 neml.
959 2006 1042 2069 nicht,
1069 2009 1118 2059 urio
1136 2009 1182 2060 aul

107 2077 297 2128 vorsitzlichen
307 2074 457 2140 Todschlag,
471 2077 547 2126 sehon
562 2092 611 2126 von
623 2077 670 2126 den
684 2075 807 2126 Gosetzen
821 2075 860 2126 die
870 2073 954 2126 Strafe
968 2077 1010 2126 des
1023 2076 1105 2127 Todes
1120 2079 1179 2130 oder

108 2146 205 2212 ewiger
225 2145 394 2209 Verbannnng
412 2143 559 2208 lestgesetzt
576 2161 637 2194 war.
668 2144 719 2194 Der
737 2143 807 2208 Conj.
824 2155 881 2195 esset
897 2146 966 2194 steht
994 2146 1053 2197 weil
1068 2146 1118 2197 Cic.
1138 2147 1178 2199 die

108 2215 278 2278 Bestimmung
307 2215 349 2264 des
378 2213 497 2264 Gesetzes
527 2229 573 2264 aus
600 2215 654 2264 dem
681 2213 755 2263 Sinna
783 2215 826 2263 das
855 2212 1035 2278 Gesetzgebers
1065 2214 1176 2282 referirt‚

104 2289 210 2336 daretur
227 2285 340 2347 dagegen
359 2297 446 2347 wegen
465 2283 509 2332 der
528 2282 728 2346 Wiederholuog
747 2281 772 2330 in
790 2283 834 2332 der
852 2282 1061 2347 Vorgangenheit

177 2357 296 2404 sententia
318 2369 370 2402 erun
387 2356 437 2402 iud.
457 2355 568 2403 daretur:
603 2351 691 2402 sobald
717 2352 764 2402 den
788 2349 907 2402 Richtern
930 2352 970 2402 die
990 2352 1176 2421 Entscheidung

105 2425 260 2487 iibertragen
280 2421 373 2471 werdo.
410 2419 492 2471 Wenn
514 2419 634 2484 uemlieh‚
661 2419 710 2469 wie
729 2419 770 2470 hei
796 2421 842 2470 deo
862 2425 972 2491 γραφαὶ
991 2417 1119 2490 ἀσεβείας
1135 2424 1175 2476 die

107 2493 215 2544 Gesetze
230 2489 306 2540 keine
322 2488 462 2539 bestimmtc
484 2487 569 2540 Stralo
593 2487 740 2552 lostgosetzt
763 2489 862 2552 hatten,
892 2490 937 2539 dor
958 2485 1048 2558 ἅγών,
1060 2492 1113 2542 also
1134 2494 1175 2544 eiu

106 2555 223 2634 τιμητὸς
241 2573 305 2620 war,
321 2574 349 2608 so
368 2558 517 2622 beautragte
536 2559 581 2608 der
592 2557 721 2621 Anlliiger
738 2557 820 2620 gleich
836 2555 862 2606 in
880 2558 924 2607 der
936 2556 1107 2624 lssageschrilt
1121 2563 1175 2614 eine

103 2631 216 2695 gewisse
238 2625 324 2678 Strale
347 2623 477 2696 (ἐπάγειν
500 2621 532 2678 τὸ
555 2627 682 2697 τίμημα),
709 2627 818 2676 welcher
836 2626 880 2676 der
898 2627 1036 2692 Verklagte
1053 2629 1086 2680 im
1104 2629 1176 2683 Falla

105 2699 190 2750 seiner
209 2695 409 2760 Verortheiluog
429 2695 483 2745 eino
506 2694 597 2746 andero
621 2695 752 2760 geringerc
775 2696 990 2758 cntgegenstellon
1010 2697 1093 2748 durlte
1115 2696 1175 2763 (oiu-

103 2765 295 2887 gppupoiatrbue).
321 2761 431 2883 dllaranl
446 2765 606 2882 opttslethieden
619 2765 673 2882 {ich
690 2761 911 2882 diehllichlpepdeliir
930 2764 1003 2816 einen
1023 2767 1068 2816 der
1086 2767 1174 2820 beiden

148 2849 251 2886 neura
270 2849 284 2884 o
304 2849 318 2882 o
337 2848 462 2883 ervormr
486 2849 500 2884 e
523 2849 553 2884 cn
573 2849 619 2883 aue
655 2848 732 2882 zwrsc
751 2847 781 2882 en
819 2847 842 2882 et
874 2848 897 2882 n.

175 2849 474 2970 quastgausumuuuuu
502 2901 689 2965 Uebersetzung
710 2902 752 2951 des
777 2899 947 2964 griechischen
968 2907 1091 2974 τίμημα,
1121 2922 1174 2958 was

105 2975 169 3025 aber
195 2973 221 3022 in
249 2971 439 3035 gerichtlichem
457 2970 532 3021 Siune
559 2987 587 3022 so
613 2971 664 3020 viel
690 2969 727 3020 als
756 2966 915 3034 Stralantrag
939 2971 1069 3035 bodeutct,
1097 2975 1175 3026 daher

100 3046 179 3110 quusi
195 3037 373 3104 hinzugefnga:
390 3044 553 3090 commeruisse
569 3039 604 3089 ist
622 3033 671 3092 tin.
690 3041 747 3108 lay.

175 3113 308 3173 respoudit
351 3108 434 3159 lndem
452 3125 479 3158 or
497 3125 523 3158 es
547 3107 680 3173 ahlehnte,
706 3106 775 3158 seina
802 3103 886 3156 Strale
906 3107 1103 3174 abzuschdtzem
1130 3113 1174 3163 ho-

103 3183 226 3246 heuptete
243 3193 272 3228 er
288 3177 357 3228 seina
374 3176 592 3241 Schnldlosigkeit

177 3258 207 3300 ut
225 3250 250 3300 οἱ
259 3250 429 3312 praeberetur,
457 3245 540 3296 wolin
564 3262 618 3296 men
642 3247 689 3295 sibi
704 3249 857 3304 erwartete,
885 3260 930 3295 aus
950 3247 995 3296 der
1012 3247 1175 3314 Vorstellung

106 3319 151 3368 des
174 3314 373 3368 Schriltstellers
403 3313 571 3379 hinzugeliigt.
614 3313 673 3378 Vgl.
697 3312 723 3362 in
749 3312 820 3362 Verr.
844 3311 887 3364 lv.
916 3316 956 3378 39,
982 3317 1027 3368 84:
1062 3319 1176 3368 Audistis

103 3403 185 3450 uesper
202 3389 282 3436 dicere
298 3389 385 3449 leuatus
402 3387 581 3446 Tunuureauos
598 3411 631 3419 —
648 3385 819 3444 Mercurium,
842 3386 886 3446 qui
908 3386 983 3434 auaris
999 3391 1175 3436 anniuersariis

103 3459 176 3519 uprud
190 3472 229 3506 coe
247 3471 275 3506 ue
291 3471 383 3504 summa
399 3457 514 3518 ruh'qioue
531 3457 653 3514 coleretur,
675 3477 708 3486 -
728 3453 801 3500 huius
818 3454 850 3516 oi,
867 3457 950 3504 seelera
968 3457 1114 3518 imperioque
1127 3472 1174 3504 esee

101 3527 240 3589 mediatum
259 3539 282 3589 p.
301 3521 372 3572 llosc.
393 3521 423 3572 Α.
445 3526 486 3584 at,
506 3523 584 3587 95312
614 3520 665 3571 hlil.
688 3521 726 3582 15,
748 3520 788 3570 39,

171 3603 301 3656 presumo.
338 3590 366 3640 ln
384 3591 439 3640 dem
450 3589 603 3656 Prytanenm
621 3586 667 3640 aul
682 3588 726 3638 der
740 3587 806 3650 burg
823 3603 854 3637 zu
871 3588 955 3638 Athon
966 3590 1067 3640 wardon
1088 3605 1175 3640 ausser

104 3661 154 3712 den
174 3664 207 3716 50
227 3659 366 3726 Prytaneo,
398 3659 493 3708 welche
513 3658 688 3710 abweehselnd
706 3655 777 3706 einen
794 3655 880 3706 Monet
899 3657 958 3721 lang
975 3657 1015 3707 die
1032 3658 1174 3723 Regios-ung

102 3727 220 3792 fdhrten,
237 3730 301 3780 auch
320 3729 383 3778 noch
400 3727 491 3779 andere
510 3743 551 3778 um
571 3729 618 3778 den
635 3726 708 3777 Staat
727 3725 926 3776 wohlverdiente
944 3723 1048 3778 Minoes
1066 3730 1116 3779 und
1134 3727 1174 3778 dio

103 3797 253 3850 Gesandten
272 3795 379 3848 fremder
395 3797 501 3847 Stanten
519 3796 568 3848 seit
586 3796 661 3846 Solon
680 3793 726 3844 aul
741 3793 883 3843 bllontliche
900 3791 994 3844 lieston
1015 3797 1132 3864 gospeist

178 3870 237 3922 233.
272 3883 375 3932 quonum
393 3869 460 3917 modo
478 3893 512 3902 ——
523 3867 597 3930 ferre
609 3882 740 3928 possemus,
771 3862 793 3911 d.
813 3863 837 3911 b.
856 3863 920 3911 daun
939 3863 1041 3914 wiirden
1061 3866 1106 3930 sio,
1136 3865 1175 3918 dio

99 3933 174 3998 jetzt
191 3936 268 3986 sehon
293 3933 340 3984 aul
360 3934 401 3984 dia
416 3933 604 3986 Beredsamlreit
623 3929 826 3998 geringsch'aitzig
847 3930 1018 3996 herabsehen,
1046 3935 1091 3985 mit
1109 3937 1177 3988 ihrer

103 4003 344 4056 ausschliessliohon
364 4004 543 4070 Bovoraugung
561 4003 606 4054 der
623 3998 783 4068 Philosophia
803 4014 867 4062 ganz
885 4001 1057 4066 unertriiglich
1074 4005 1135 4056 sein.

160 4096 235 4140 Cicero
248 4095 275 4137 tle
288 4097 379 4138 oratore.
399 4097 416 4137 1.
952 4108 968 4158 9
