<?xml version="1.0" encoding="UTF-8"?>
<!DOCTYPE html PUBLIC "-//W3C//DTD XHTML 1.0 Transitional//EN"
    "http://www.w3.org/TR/xhtml1/DTD/xhtml1-transitional.dtd">
<html xmlns="http://www.w3.org/1999/xhtml" xml:lang="en" lang="en">
 <head>
  <title>
</title>
<meta http-equiv="Content-Type" content="text/html;charset=utf-8" />
  <meta name='ocr-system' content='tesseract 3.04.00' />
  <meta name='ocr-capabilities' content='ocr_page ocr_carea ocr_par ocr_line ocrx_word'/>
</head>
<body>
  <div class='ocr_page' id='page_1' title='image "./mtulliiciceroni79cicegoog/mtulliiciceroni79cicegoog_0379.png"; bbox 0 0 2760 4520; ppageno 0'>
   <div class='ocr_carea' id='block_1_1' title="bbox 234 319 1139 388">
    <p class='ocr_par' dir='ltr' id='par_1_1' title="bbox 234 319 1139 388">
     <span class='ocr_line' id='line_1_1' title="bbox 234 319 1139 388; baseline -0.002 -12"><span class='ocrx_word' id='word_1_1' title='bbox 234 323 295 388; x_wconf 88' lang='grc'><strong>160</strong></span> <span class='ocrx_word' id='word_1_2' title='bbox 373 383 375 388; x_wconf 28' lang='grc' dir='ltr'>Ι</span> <span class='ocrx_word' id='word_1_3' title='bbox 401 321 445 373; x_wconf 83' lang='lat' dir='ltr'><strong>DE</strong></span> <span class='ocrx_word' id='word_1_4' title='bbox 465 319 628 384; x_wconf 78' lang='lat' dir='ltr'><strong>ORATORE,</strong></span> <span class='ocrx_word' id='word_1_5' title='bbox 647 319 738 374; x_wconf 69' lang='grc'><strong>111311.</strong></span> <span class='ocrx_word' id='word_1_6' title='bbox 757 337 812 387; x_wconf 82' lang='lat' dir='ltr'><strong>cup.</strong></span> <span class='ocrx_word' id='word_1_7' title='bbox 833 324 873 375; x_wconf 83' lang='grc'><strong>16.</strong></span> <span class='ocrx_word' id='word_1_8' title='bbox 893 319 969 386; x_wconf 60' lang='grc'><strong>113</strong></span> <span class='ocrx_word' id='word_1_9' title='bbox 993 323 1139 375; x_wconf 77' lang='lat' dir='ltr'><strong>soe-312.</strong></span> 
     </span>
    </p>
   </div>
   <div class='ocr_carea' id='block_1_2' title="bbox 97 476 1295 2006">
    <p class='ocr_par' dir='ltr' id='par_1_2' title="bbox 97 476 1295 1068">
     <span class='ocr_line' id='line_1_2' title="bbox 230 476 1295 556; baseline -0.002 -18"><span class='ocrx_word' id='word_1_10' title='bbox 230 488 263 540; x_wconf 91' lang='lat' dir='ltr'><strong>ut</strong></span> <span class='ocrx_word' id='word_1_11' title='bbox 284 495 370 556; x_wconf 85' lang='lat' dir='ltr'>saepe</span> <span class='ocrx_word' id='word_1_12' title='bbox 393 477 440 554; x_wconf 85' lang='lat' dir='ltr'><strong>fit,</strong></span> <span class='ocrx_word' id='word_1_13' title='bbox 470 477 554 539; x_wconf 88' lang='lat' dir='ltr'><strong>valde</strong></span> <span class='ocrx_word' id='word_1_14' title='bbox 576 477 665 538; x_wconf 88' lang='lat' dir='ltr'><strong>multa</strong></span> <span class='ocrx_word' id='word_1_15' title='bbox 688 485 773 551; x_wconf 87' lang='lat' dir='ltr'><strong>sunt,</strong></span> <span class='ocrx_word' id='word_1_16' title='bbox 796 496 845 551; x_wconf 87' lang='lat' dir='ltr'><strong>ea,</strong></span> <span class='ocrx_word' id='word_1_17' title='bbox 868 495 944 556; x_wconf 89' lang='lat' dir='ltr'><strong>quae</strong></span> <span class='ocrx_word' id='word_1_18' title='bbox 966 494 1002 537; x_wconf 85' lang='lat' dir='ltr'><strong>ex</strong></span> <span class='ocrx_word' id='word_1_19' title='bbox 1024 476 1060 538; x_wconf 91' lang='lat' dir='ltr'><strong>iis</strong></span> <span class='ocrx_word' id='word_1_20' title='bbox 1083 483 1132 536; x_wconf 85' lang='lat' dir='ltr'><strong>sut</strong></span> <span class='ocrx_word' id='word_1_21' title='bbox 1154 476 1295 538; x_wconf 85' lang='lat' dir='ltr'><strong>levissima</strong></span> 
     </span>
     <span class='ocr_line' id='line_1_3' title="bbox 230 561 1295 642; baseline -0.002 -18"><span class='ocrx_word' id='word_1_22' title='bbox 230 572 300 625; x_wconf 90' lang='lat' dir='ltr'><strong>sunt</strong></span> <span class='ocrx_word' id='word_1_23' title='bbox 320 572 370 624; x_wconf 88' lang='lat' dir='ltr'><strong>aut</strong></span> <span class='ocrx_word' id='word_1_24' title='bbox 391 563 454 624; x_wconf 87' lang='lat' dir='ltr'><strong>aliis</strong></span> <span class='ocrx_word' id='word_1_25' title='bbox 479 563 660 642; x_wconf 82' lang='lat' dir='ltr'><strong>gravioribus</strong></span> <span class='ocrx_word' id='word_1_26' title='bbox 683 562 855 636; x_wconf 79' lang='lat' dir='ltr'><strong>consimilia,</strong></span> <span class='ocrx_word' id='word_1_27' title='bbox 868 561 993 636; x_wconf 81' lang='lat' dir='ltr'><strong>¹secerni</strong></span> <span class='ocrx_word' id='word_1_28' title='bbox 1014 561 1142 622; x_wconf 78' lang='lat' dir='ltr'><strong>arbitror</strong></span> <span class='ocrx_word' id='word_1_29' title='bbox 1165 569 1295 640; x_wconf 77' lang='lat' dir='ltr'><strong>oportere</strong></span> 
     </span>
     <span class='ocr_line' id='line_1_4' title="bbox 229 647 1294 728; baseline -0.001 -20"><span class='ocrx_word' id='word_1_30' title='bbox 229 659 316 728; x_wconf 87' lang='lat' dir='ltr'><strong>atque</strong></span> <span class='ocrx_word' id='word_1_31' title='bbox 339 667 375 710; x_wconf 79' lang='lat' dir='ltr'><strong>ex</strong></span> <span class='ocrx_word' id='word_1_32' title='bbox 398 649 530 710; x_wconf 85' lang='lat' dir='ltr'><strong>oratione</strong></span> <span class='ocrx_word' id='word_1_33' title='bbox 553 649 708 709; x_wconf 84' lang='lat' dir='ltr'><strong>removeri.</strong></span> <span class='ocrx_word' id='word_1_34' title='bbox 743 648 888 728; x_wconf 84' lang='lat' dir='ltr'><strong>Equidem</strong></span> <span class='ocrx_word' id='word_1_35' title='bbox 912 665 980 708; x_wconf 91' lang='lat' dir='ltr'><strong>oum</strong></span> <span class='ocrx_word' id='word_1_36' title='bbox 1001 647 1106 726; x_wconf 85' lang='lat' dir='ltr'><strong>colligo</strong></span> <span class='ocrx_word' id='word_1_37' title='bbox 1130 656 1294 725; x_wconf 79' lang='lat' dir='ltr'><strong>argumenta</strong></span> 
     </span>
     <span class='ocr_line' id='line_1_5' title="bbox 97 731 1294 811; baseline -0.002 -17"><span class='ocrx_word' id='word_1_38' title='bbox 97 740 215 801; x_wconf 66' lang='grc'><strong>73310.</strong></span> <span class='ocrx_word' id='word_1_39' title='bbox 230 752 399 808; x_wconf 88' lang='lat' dir='ltr'><strong>causarum,</strong></span> <span class='ocrx_word' id='word_1_40' title='bbox 430 750 491 794; x_wconf 91' lang='lat' dir='ltr'><strong>non</strong></span> <span class='ocrx_word' id='word_1_41' title='bbox 514 742 574 794; x_wconf 87' lang='lat' dir='ltr'><strong>tam</strong></span> <span class='ocrx_word' id='word_1_42' title='bbox 596 752 629 794; x_wconf 86' lang='lat' dir='ltr'><strong>ee</strong></span> <span class='ocrx_word' id='word_1_43' title='bbox 650 751 808 794; x_wconf 89' lang='lat' dir='ltr'><strong>numerare</strong></span> <span class='ocrx_word' id='word_1_44' title='bbox 829 733 910 794; x_wconf 89' lang='lat' dir='ltr'><strong>soleo</strong></span> <span class='ocrx_word' id='word_1_45' title='bbox 934 750 1023 811; x_wconf 88' lang='lat' dir='ltr'><strong>quam</strong></span> <span class='ocrx_word' id='word_1_46' title='bbox 1045 731 1222 810; x_wconf 65' lang='lat' dir='ltr'><strong>expendere.</strong></span> <span class='ocrx_word' id='word_1_47' title='bbox 1263 733 1294 792; x_wconf 84' lang='lat' dir='ltr'><strong>Et</strong></span> 
     </span>
     <span class='ocr_line' id='line_1_6' title="bbox 229 817 1293 900; baseline -0.003 -21"><span class='ocrx_word' id='word_1_48' title='bbox 229 819 380 900; x_wconf 83' lang='lat' dir='ltr'><strong>quoniam,</strong></span> <span class='ocrx_word' id='word_1_49' title='bbox 401 819 481 896; x_wconf 89' lang='lat' dir='ltr'><strong>quod</strong></span> <span class='ocrx_word' id='word_1_50' title='bbox 496 836 582 896; x_wconf 90' lang='lat' dir='ltr'><strong>saepe</strong></span> <span class='ocrx_word' id='word_1_51' title='bbox 596 819 654 879; x_wconf 89' lang='lat' dir='ltr'><strong>iem</strong></span> <span class='ocrx_word' id='word_1_52' title='bbox 669 818 738 891; x_wconf 83' lang='lat' dir='ltr'><strong>dixi,</strong></span> <span class='ocrx_word' id='word_1_53' title='bbox 752 818 846 878; x_wconf 83' lang='lat' dir='ltr'><strong>tribus</strong></span> <span class='ocrx_word' id='word_1_54' title='bbox 860 818 949 880; x_wconf 91' lang='lat' dir='ltr'><strong>rebus</strong></span> <span class='ocrx_word' id='word_1_55' title='bbox 964 817 1100 878; x_wconf 87' lang='lat' dir='ltr'><strong>homines</strong></span> <span class='ocrx_word' id='word_1_56' title='bbox 1117 817 1154 889; x_wconf 84' lang='lat' dir='ltr'><strong>ed</strong></span> <span class='ocrx_word' id='word_1_57' title='bbox 1168 825 1293 878; x_wconf 81' lang='lat' dir='ltr'><strong>nostram</strong></span> 
     </span>
     <span class='ocr_line' id='line_1_7' title="bbox 229 903 1291 982; baseline -0.002 -18"><span class='ocrx_word' id='word_1_58' title='bbox 229 905 402 966; x_wconf 81' lang='lat' dir='ltr'><strong>sententiam</strong></span> <span class='ocrx_word' id='word_1_59' title='bbox 424 905 630 982; x_wconf 74' lang='lat' dir='ltr'><strong>perducimur,</strong></span> <span class='ocrx_word' id='word_1_60' title='bbox 652 912 703 964; x_wconf 89' lang='lat' dir='ltr'><strong>aut</strong></span> <span class='ocrx_word' id='word_1_61' title='bbox 724 903 858 964; x_wconf 86' lang='lat' dir='ltr'><strong>docendo</strong></span> <span class='ocrx_word' id='word_1_62' title='bbox 880 911 931 964; x_wconf 89' lang='lat' dir='ltr'><strong>aut</strong></span> <span class='ocrx_word' id='word_1_63' title='bbox 952 903 1135 963; x_wconf 87' lang='lat' dir='ltr'><strong>conciliando</strong></span> <span class='ocrx_word' id='word_1_64' title='bbox 1159 909 1210 962; x_wconf 86' lang='lat' dir='ltr'><strong>sut</strong></span> <span class='ocrx_word' id='word_1_65' title='bbox 1230 921 1291 980; x_wconf 92' lang='lat' dir='ltr'><strong>per-</strong></span> 
     </span>
     <span class='ocr_line' id='line_1_8' title="bbox 230 987 1292 1068; baseline -0.001 -20"><span class='ocrx_word' id='word_1_66' title='bbox 230 990 386 1062; x_wconf 90' lang='lat' dir='ltr'><strong>movendo,</strong></span> <span class='ocrx_word' id='word_1_67' title='bbox 409 1007 468 1050; x_wconf 91' lang='lat' dir='ltr'><strong>una</strong></span> <span class='ocrx_word' id='word_1_68' title='bbox 491 1008 526 1049; x_wconf 84' lang='lat' dir='ltr'><strong>ex</strong></span> <span class='ocrx_word' id='word_1_69' title='bbox 548 988 642 1049; x_wconf 83' lang='lat' dir='ltr'><strong>tribus</strong></span> <span class='ocrx_word' id='word_1_70' title='bbox 665 989 710 1050; x_wconf 89' lang='lat' dir='ltr'><strong>bis</strong></span> <span class='ocrx_word' id='word_1_71' title='bbox 732 988 822 1049; x_wconf 91' lang='lat' dir='ltr'><strong>rebus</strong></span> <span class='ocrx_word' id='word_1_72' title='bbox 844 1007 891 1049; x_wconf 86' lang='lat' dir='ltr'><strong>res</strong></span> <span class='ocrx_word' id='word_1_73' title='bbox 913 1007 983 1068; x_wconf 90' lang='lat' dir='ltr'><strong>prae</strong></span> <span class='ocrx_word' id='word_1_74' title='bbox 1005 987 1091 1048; x_wconf 91' lang='lat' dir='ltr'><strong>uobis</strong></span> <span class='ocrx_word' id='word_1_75' title='bbox 1111 995 1157 1048; x_wconf 85' lang='lat' dir='ltr'><strong>est</strong></span> <span class='ocrx_word' id='word_1_76' title='bbox 1172 987 1292 1057; x_wconf 85' lang='lat' dir='ltr'><strong>ferenda,</strong></span> 
     </span>
    </p>

    <p class='ocr_par' dir='ltr' id='par_1_3' title="bbox 230 1073 1293 1238">
     <span class='ocr_line' id='line_1_9' title="bbox 230 1073 1292 1153; baseline -0.002 -19"><span class='ocrx_word' id='word_1_77' title='bbox 230 1085 263 1136; x_wconf 84' lang='lat' dir='ltr'><strong>ut</strong></span> <span class='ocrx_word' id='word_1_78' title='bbox 284 1075 357 1136; x_wconf 90' lang='lat' dir='ltr'><strong>nibil</strong></span> <span class='ocrx_word' id='word_1_79' title='bbox 378 1074 455 1134; x_wconf 84' lang='lat' dir='ltr'><strong>aliud</strong></span> <span class='ocrx_word' id='word_1_80' title='bbox 479 1074 536 1134; x_wconf 91' lang='lat' dir='ltr'><strong>nisi</strong></span> <span class='ocrx_word' id='word_1_81' title='bbox 558 1075 663 1134; x_wconf 89' lang='lat' dir='ltr'><strong>docere</strong></span> <span class='ocrx_word' id='word_1_82' title='bbox 687 1073 758 1134; x_wconf 87' lang='lat' dir='ltr'><strong>velle</strong></span> <span class='ocrx_word' id='word_1_83' title='bbox 774 1074 942 1148; x_wconf 80' lang='lat' dir='ltr'><strong>rideamur3</strong></span> <span class='ocrx_word' id='word_1_84' title='bbox 965 1073 1094 1153; x_wconf 90' lang='lat' dir='ltr'><strong>reliquae</strong></span> <span class='ocrx_word' id='word_1_85' title='bbox 1109 1073 1195 1146; x_wconf 87' lang='lat' dir='ltr'><strong>duae,</strong></span> <span class='ocrx_word' id='word_1_86' title='bbox 1217 1073 1292 1133; x_wconf 83' lang='lat' dir='ltr'><strong>sicuti</strong></span> 
     </span>
     <span class='ocr_line' id='line_1_10' title="bbox 231 1157 1293 1238; baseline -0.002 -18"><span class='ocrx_word' id='word_1_87' title='bbox 231 1161 348 1238; x_wconf 84' lang='lat' dir='ltr'><strong>sanguis</strong></span> <span class='ocrx_word' id='word_1_88' title='bbox 370 1160 402 1219; x_wconf 92' lang='lat' dir='ltr'><strong>in</strong></span> <span class='ocrx_word' id='word_1_89' title='bbox 425 1158 616 1238; x_wconf 85' lang='lat' dir='ltr'><strong>corporibus,</strong></span> <span class='ocrx_word' id='word_1_90' title='bbox 640 1159 681 1220; x_wconf 92' lang='lat' dir='ltr'><strong>sie</strong></span> <span class='ocrx_word' id='word_1_91' title='bbox 702 1159 766 1219; x_wconf 88' lang='lat' dir='ltr'><strong>illae</strong></span> <span class='ocrx_word' id='word_1_92' title='bbox 787 1159 817 1219; x_wconf 92' lang='lat' dir='ltr'><strong>in</strong></span> <span class='ocrx_word' id='word_1_93' title='bbox 840 1159 989 1238; x_wconf 88' lang='lat' dir='ltr'><strong>perpetuis</strong></span> <span class='ocrx_word' id='word_1_94' title='bbox 1012 1157 1197 1218; x_wconf 84' lang='lat' dir='ltr'><strong>orationibus</strong></span> <span class='ocrx_word' id='word_1_95' title='bbox 1220 1160 1293 1218; x_wconf 83' lang='lat' dir='ltr'><strong>fusae</strong></span> 
     </span>
    </p>

    <p class='ocr_par' dir='ltr' id='par_1_4' title="bbox 231 1243 1292 1323">
     <span class='ocr_line' id='line_1_11' title="bbox 231 1243 1292 1323; baseline -0.003 -18"><span class='ocrx_word' id='word_1_96' title='bbox 231 1263 296 1306; x_wconf 90' lang='lat' dir='ltr'><strong>esse</strong></span> <span class='ocrx_word' id='word_1_97' title='bbox 329 1243 487 1305; x_wconf 70' lang='lat' dir='ltr'><strong>debebunt„</strong></span> <span class='ocrx_word' id='word_1_98' title='bbox 530 1245 603 1305; x_wconf 91' lang='lat' dir='ltr'><strong>Nam</strong></span> <span class='ocrx_word' id='word_1_99' title='bbox 634 1253 662 1305; x_wconf 89' lang='lat' dir='ltr'><strong>et</strong></span> <span class='ocrx_word' id='word_1_100' title='bbox 683 1244 825 1323; x_wconf 84' lang='lat' dir='ltr'><strong>principia</strong></span> <span class='ocrx_word' id='word_1_101' title='bbox 847 1252 876 1304; x_wconf 90' lang='lat' dir='ltr'><strong>et</strong></span> <span class='ocrx_word' id='word_1_102' title='bbox 898 1251 1009 1304; x_wconf 85' lang='lat' dir='ltr'><strong>ceterae</strong></span> <span class='ocrx_word' id='word_1_103' title='bbox 1031 1252 1128 1322; x_wconf 90' lang='lat' dir='ltr'><strong>partes</strong></span> <span class='ocrx_word' id='word_1_104' title='bbox 1151 1243 1292 1314; x_wconf 85' lang='lat' dir='ltr'><strong>orationis,</strong></span> 
     </span>
    </p>

    <p class='ocr_par' dir='ltr' id='par_1_5' title="bbox 232 1328 1290 1408">
     <span class='ocr_line' id='line_1_12' title="bbox 232 1328 1290 1408; baseline -0.003 -19"><span class='ocrx_word' id='word_1_105' title='bbox 232 1330 269 1390; x_wconf 96' lang='lat' dir='ltr'><strong>de</strong></span> <span class='ocrx_word' id='word_1_106' title='bbox 292 1329 400 1408; x_wconf 90' lang='lat' dir='ltr'><strong>quibus</strong></span> <span class='ocrx_word' id='word_1_107' title='bbox 422 1330 509 1408; x_wconf 84' lang='lat' dir='ltr'><strong>paulo</strong></span> <span class='ocrx_word' id='word_1_108' title='bbox 533 1339 714 1408; x_wconf 84' lang='lat' dir='ltr'><strong>postpauca</strong></span> <span class='ocrx_word' id='word_1_109' title='bbox 736 1329 877 1403; x_wconf 89' lang='lat' dir='ltr'><strong>dicemus,</strong></span> <span class='ocrx_word' id='word_1_110' title='bbox 899 1329 1007 1390; x_wconf 88' lang='lat' dir='ltr'><strong>habere</strong></span> <span class='ocrx_word' id='word_1_111' title='bbox 1029 1330 1106 1389; x_wconf 88' lang='lat' dir='ltr'><strong>hanc</strong></span> <span class='ocrx_word' id='word_1_112' title='bbox 1120 1328 1182 1389; x_wconf 89' lang='lat' dir='ltr'><strong>vim</strong></span> <span class='ocrx_word' id='word_1_113' title='bbox 1194 1345 1290 1406; x_wconf 87' lang='lat' dir='ltr'><strong>magno</strong></span> 
     </span>
    </p>

    <p class='ocr_par' dir='ltr' id='par_1_6' title="bbox 233 1413 1291 1494">
     <span class='ocr_line' id='line_1_13' title="bbox 233 1413 1291 1494; baseline -0.002 -20"><span class='ocrx_word' id='word_1_114' title='bbox 233 1433 322 1493; x_wconf 89' lang='lat' dir='ltr'><strong>opere</strong></span> <span class='ocrx_word' id='word_1_115' title='bbox 338 1413 453 1488; x_wconf 89' lang='lat' dir='ltr'><strong>debent,</strong></span> <span class='ocrx_word' id='word_1_116' title='bbox 476 1422 509 1474; x_wconf 89' lang='lat' dir='ltr'><strong>ut</strong></span> <span class='ocrx_word' id='word_1_117' title='bbox 521 1415 557 1475; x_wconf 91' lang='lat' dir='ltr'><strong>ad</strong></span> <span class='ocrx_word' id='word_1_118' title='bbox 573 1433 677 1475; x_wconf 88' lang='lat' dir='ltr'><strong>eorum</strong></span> <span class='ocrx_word' id='word_1_119' title='bbox 691 1415 807 1488; x_wconf 86' lang='lat' dir='ltr'><strong>mentis,</strong></span> <span class='ocrx_word' id='word_1_120' title='bbox 829 1415 907 1494; x_wconf 87' lang='lat' dir='ltr'><strong>epud</strong></span> <span class='ocrx_word' id='word_1_121' title='bbox 920 1433 996 1494; x_wconf 88' lang='lat' dir='ltr'><strong>quos</strong></span> <span class='ocrx_word' id='word_1_122' title='bbox 1011 1415 1116 1493; x_wconf 86' lang='lat' dir='ltr'><strong>agitur,</strong></span> <span class='ocrx_word' id='word_1_123' title='bbox 1139 1414 1291 1476; x_wconf 83' lang='lat' dir='ltr'><strong>movendas</strong></span> 
     </span>
    </p>

    <p class='ocr_par' dir='ltr' id='par_1_7' title="bbox 159 1497 1291 1749">
     <span class='ocr_line' id='line_1_14' title="bbox 159 1497 1291 1578; baseline 0 -20"><span class='ocrx_word' id='word_1_124' title='bbox 159 1509 218 1559; x_wconf 82' lang='lat'>311.</span> <span class='ocrx_word' id='word_1_125' title='bbox 231 1499 379 1578; x_wconf 78' lang='lat' dir='ltr'><strong>pertinere</strong></span> <span class='ocrx_word' id='word_1_126' title='bbox 413 1500 536 1578; x_wconf 71' lang='lat' dir='ltr'><strong>possint,</strong></span> <span class='ocrx_word' id='word_1_127' title='bbox 584 1500 640 1561; x_wconf 88' lang='lat' dir='ltr'><strong>Sed</strong></span> <span class='ocrx_word' id='word_1_128' title='bbox 677 1500 722 1560; x_wconf 87' lang='lat' dir='ltr'><strong>bis</strong></span> <span class='ocrx_word' id='word_1_129' title='bbox 759 1499 890 1578; x_wconf 85' lang='lat' dir='ltr'><strong>partibus</strong></span> <span class='ocrx_word' id='word_1_130' title='bbox 921 1498 1075 1576; x_wconf 75' lang='lat' dir='ltr'><strong>credonio,</strong></span> <span class='ocrx_word' id='word_1_131' title='bbox 1116 1515 1210 1576; x_wconf 89' lang='lat' dir='ltr'><strong>quae,</strong></span> <span class='ocrx_word' id='word_1_132' title='bbox 1246 1497 1291 1558; x_wconf 84' lang='lat' dir='ltr'><strong>etsi</strong></span> 
     </span>
     <span class='ocr_line' id='line_1_15' title="bbox 233 1577 1290 1663; baseline -0.003 -18"><span class='ocrx_word' id='word_1_133' title='bbox 233 1583 306 1645; x_wconf 91' lang='lat' dir='ltr'><strong>nihil</strong></span> <span class='ocrx_word' id='word_1_134' title='bbox 320 1584 428 1645; x_wconf 82' lang='lat' dir='ltr'><strong>docent</strong></span> <span class='ocrx_word' id='word_1_135' title='bbox 439 1585 681 1663; x_wconf 84' lang='lat' dir='ltr'><strong>argumentando,</strong></span> <span class='ocrx_word' id='word_1_136' title='bbox 703 1584 907 1662; x_wconf 87' lang='lat' dir='ltr'><strong>persuadendo</strong></span> <span class='ocrx_word' id='word_1_137' title='bbox 922 1593 1021 1645; x_wconf 79' lang='lat' dir='ltr'><strong>temen</strong></span> <span class='ocrx_word' id='word_1_138' title='bbox 1036 1577 1065 1645; x_wconf 86' lang='grc'><strong>31</strong></span> <span class='ocrx_word' id='word_1_139' title='bbox 1081 1582 1290 1644; x_wconf 86' lang='lat' dir='ltr'><strong>commovendo</strong></span> 
     </span>
     <span class='ocr_line' id='line_1_16' title="bbox 231 1669 1290 1749; baseline -0.004 -20"><span class='ocrx_word' id='word_1_140' title='bbox 231 1670 391 1748; x_wconf 89' lang='lat' dir='ltr'><strong>proficiunt</strong></span> <span class='ocrx_word' id='word_1_141' title='bbox 418 1671 597 1749; x_wconf 90' lang='lat' dir='ltr'><strong>plurimum,</strong></span> <span class='ocrx_word' id='word_1_142' title='bbox 626 1688 805 1748; x_wconf 89' lang='lat' dir='ltr'><strong>quamquam</strong></span> <span class='ocrx_word' id='word_1_143' title='bbox 834 1671 960 1731; x_wconf 84' lang='lat' dir='ltr'><strong>maxime</strong></span> <span class='ocrx_word' id='word_1_144' title='bbox 989 1669 1127 1748; x_wconf 89' lang='lat' dir='ltr'><strong>proprius</strong></span> <span class='ocrx_word' id='word_1_145' title='bbox 1151 1678 1196 1730; x_wconf 91' lang='lat' dir='ltr'><strong>est</strong></span> <span class='ocrx_word' id='word_1_146' title='bbox 1216 1671 1290 1730; x_wconf 92' lang='lat' dir='ltr'><strong>locus</strong></span> 
     </span>
    </p>

    <p class='ocr_par' dir='ltr' id='par_1_8' title="bbox 230 1751 1290 1920">
     <span class='ocr_line' id='line_1_17' title="bbox 232 1751 1290 1834; baseline -0.004 -19"><span class='ocrx_word' id='word_1_147' title='bbox 232 1756 312 1816; x_wconf 90' lang='lat' dir='ltr'><strong>etin</strong></span> <span class='ocrx_word' id='word_1_148' title='bbox 335 1755 514 1816; x_wconf 87' lang='lat' dir='ltr'><strong>exordiendo</strong></span> <span class='ocrx_word' id='word_1_149' title='bbox 537 1757 616 1816; x_wconf 89' lang='lat' dir='ltr'><strong>etin</strong></span> <span class='ocrx_word' id='word_1_150' title='bbox 639 1756 814 1834; x_wconf 86' lang='lat' dir='ltr'><strong>perorando,</strong></span> <span class='ocrx_word' id='word_1_151' title='bbox 836 1755 947 1834; x_wconf 86' lang='lat' dir='ltr'><strong>digredi</strong></span> <span class='ocrx_word' id='word_1_152' title='bbox 969 1764 1068 1816; x_wconf 86' lang='lat' dir='ltr'><strong>tamen</strong></span> <span class='ocrx_word' id='word_1_153' title='bbox 1089 1754 1126 1814; x_wconf 89' lang='lat' dir='ltr'><strong>ab</strong></span> <span class='ocrx_word' id='word_1_154' title='bbox 1149 1773 1196 1830; x_wconf 90' lang='lat' dir='ltr'><strong>eo,</strong></span> <span class='ocrx_word' id='word_1_155' title='bbox 1219 1751 1290 1832; x_wconf 88' lang='lat' dir='ltr'><strong>quod</strong></span> 
     </span>
     <span class='ocr_line' id='line_1_18' title="bbox 230 1840 1290 1920; baseline -0.002 -20"><span class='ocrx_word' id='word_1_156' title='bbox 230 1841 423 1919; x_wconf 88' lang='lat' dir='ltr'><strong>proposueris</strong></span> <span class='ocrx_word' id='word_1_157' title='bbox 444 1849 531 1920; x_wconf 86' lang='lat' dir='ltr'><strong>etque</strong></span> <span class='ocrx_word' id='word_1_158' title='bbox 546 1860 622 1919; x_wconf 84' lang='lat' dir='ltr'><strong>agas,</strong></span> <span class='ocrx_word' id='word_1_159' title='bbox 644 1840 913 1920; x_wconf 86' lang='lat' dir='ltr'><strong>permovendorum</strong></span> <span class='ocrx_word' id='word_1_160' title='bbox 928 1841 1096 1903; x_wconf 88' lang='lat' dir='ltr'><strong>animorum</strong></span> <span class='ocrx_word' id='word_1_161' title='bbox 1112 1857 1201 1900; x_wconf 86' lang='lat' dir='ltr'><strong>causa</strong></span> <span class='ocrx_word' id='word_1_162' title='bbox 1214 1854 1290 1916; x_wconf 79' lang='lat' dir='ltr'><strong>saepe</strong></span> 
     </span>
    </p>

    <p class='ocr_par' dir='ltr' id='par_1_9' title="bbox 158 1921 1288 2006">
     <span class='ocr_line' id='line_1_19' title="bbox 158 1921 1288 2006; baseline -0.004 -20"><span class='ocrx_word' id='word_1_163' title='bbox 158 1936 216 1986; x_wconf 82' lang='lat'><strong>312.</strong></span> <span class='ocrx_word' id='word_1_164' title='bbox 230 1926 300 1988; x_wconf 86' lang='lat' dir='ltr'><strong>utile</strong></span> <span class='ocrx_word' id='word_1_165' title='bbox 328 1934 380 1986; x_wconf 86' lang='lat' dir='ltr'><strong>est.</strong></span> <span class='ocrx_word' id='word_1_166' title='bbox 422 1926 524 2004; x_wconf 83' lang='lat' dir='ltr'><strong>ltaque</strong></span> <span class='ocrx_word' id='word_1_167' title='bbox 552 1927 598 1986; x_wconf 89' lang='lat' dir='ltr'><strong>vel</strong></span> <span class='ocrx_word' id='word_1_168' title='bbox 626 1944 659 1986; x_wconf 90' lang='lat' dir='ltr'><strong>re</strong></span> <span class='ocrx_word' id='word_1_169' title='bbox 689 1935 803 1987; x_wconf 86' lang='grc'><strong>3333313</strong></span> <span class='ocrx_word' id='word_1_170' title='bbox 826 1935 855 1986; x_wconf 89' lang='lat' dir='ltr'><strong>et</strong></span> <span class='ocrx_word' id='word_1_171' title='bbox 876 1927 1007 2006; x_wconf 84' lang='lat' dir='ltr'><strong>exposita</strong></span> <span class='ocrx_word' id='word_1_172' title='bbox 1037 1942 1124 2002; x_wconf 86' lang='lat' dir='ltr'><strong>saepe</strong></span> <span class='ocrx_word' id='word_1_173' title='bbox 1154 1925 1239 1986; x_wconf 85' lang='lat' dir='ltr'><strong>detur</strong></span> <span class='ocrx_word' id='word_1_174' title='bbox 1258 1921 1288 1983; x_wconf 92' lang='lat' dir='ltr'><strong>ad</strong></span> 
     </span>
    </p>
   </div>
   <div class='ocr_carea' id='block_1_3' title="bbox 141 613 151 644">
    <p class='ocr_par' dir='ltr' id='par_1_10' title="bbox 141 613 151 644">
     <span class='ocr_line' id='line_1_20' title="bbox 141 613 151 644; baseline 0 0"><span class='ocrx_word' id='word_1_175' title='bbox 141 613 151 644; x_wconf 83' lang='grc' dir='ltr'><em>Ι</em></span> 
     </span>
    </p>
   </div>
   <div class='ocr_carea' id='block_1_4' title="bbox 223 2057 1287 3980">
    <p class='ocr_par' dir='ltr' id='par_1_11' title="bbox 227 2057 1287 2319">
     <span class='ocr_line' id='line_1_21' title="bbox 229 2057 1287 2126; baseline -0.004 -16"><span class='ocrx_word' id='word_1_176' title='bbox 229 2060 376 2111; x_wconf 82' lang='lat' dir='ltr'><strong>bezeichnet</strong></span> <span class='ocrx_word' id='word_1_177' title='bbox 399 2060 446 2110; x_wconf 90' lang='lat' dir='ltr'><strong>den</strong></span> <span class='ocrx_word' id='word_1_178' title='bbox 466 2057 608 2122; x_wconf 82' lang='lat' dir='ltr'><strong>Gegensatz</strong></span> <span class='ocrx_word' id='word_1_179' title='bbox 630 2077 661 2110; x_wconf 88' lang='lat' dir='ltr'><strong>zu</strong></span> <span class='ocrx_word' id='word_1_180' title='bbox 679 2061 734 2110; x_wconf 90' lang='lat' dir='ltr'><strong>dem</strong></span> <span class='ocrx_word' id='word_1_181' title='bbox 751 2060 785 2110; x_wconf 91' lang='lat' dir='ltr'><strong>im</strong></span> <span class='ocrx_word' id='word_1_182' title='bbox 802 2061 1024 2124; x_wconf 81' lang='lat' dir='ltr'><strong>rerhcrgehenden</strong></span> <span class='ocrx_word' id='word_1_183' title='bbox 1043 2057 1221 2126; x_wconf 72' lang='lat' dir='ltr'><strong>Peragraphen</strong></span> <span class='ocrx_word' id='word_1_184' title='bbox 1240 2063 1287 2108; x_wconf 88' lang='lat' dir='ltr'><strong>ent·</strong></span> 
     </span>
     <span class='ocr_line' id='line_1_22' title="bbox 229 2127 1287 2198; baseline -0.003 -20"><span class='ocrx_word' id='word_1_185' title='bbox 229 2129 347 2198; x_wconf 76' lang='lat' dir='ltr'><strong>haltenen</strong></span> <span class='ocrx_word' id='word_1_186' title='bbox 361 2127 504 2182; x_wconf 86' lang='lat' dir='ltr'><strong>Gedanken.</strong></span> <span class='ocrx_word' id='word_1_187' title='bbox 523 2129 581 2178; x_wconf 90' lang='lat' dir='ltr'><strong>dass</strong></span> <span class='ocrx_word' id='word_1_188' title='bbox 599 2144 648 2177; x_wconf 89' lang='lat' dir='ltr'><strong>von</strong></span> <span class='ocrx_word' id='word_1_189' title='bbox 667 2128 812 2192; x_wconf 80' lang='lat' dir='ltr'><strong>denjenigen</strong></span> <span class='ocrx_word' id='word_1_190' title='bbox 833 2140 980 2194; x_wconf 68' lang='lat' dir='ltr'><strong>uremueuta,</strong></span> <span class='ocrx_word' id='word_1_191' title='bbox 998 2145 1058 2194; x_wconf 78' lang='lat' dir='ltr'><strong>quae</strong></span> <span class='ocrx_word' id='word_1_192' title='bbox 1074 2133 1102 2179; x_wconf 83' lang='lat' dir='ltr'><strong>iu</strong></span> <span class='ocrx_word' id='word_1_193' title='bbox 1121 2131 1219 2180; x_wconf 75' lang='grc'><strong>33333313</strong></span> <span class='ocrx_word' id='word_1_194' title='bbox 1233 2143 1287 2190; x_wconf 83' lang='lat' dir='ltr'><strong>pro-</strong></span> 
     </span>
     <span class='ocr_line' id='line_1_23' title="bbox 227 2193 1287 2262; baseline -0.007 -13"><span class='ocrx_word' id='word_1_195' title='bbox 227 2202 319 2260; x_wconf 79' lang='lat' dir='ltr'><strong>futuuu</strong></span> <span class='ocrx_word' id='word_1_196' title='bbox 338 2203 474 2259; x_wconf 78' lang='lat' dir='ltr'><strong>uideantur,</strong></span> <span class='ocrx_word' id='word_1_197' title='bbox 496 2195 561 2247; x_wconf 78' lang='lat' dir='ltr'><strong>biber</strong></span> <span class='ocrx_word' id='word_1_198' title='bbox 578 2196 633 2248; x_wconf 90' lang='lat' dir='ltr'><strong>eine</strong></span> <span class='ocrx_word' id='word_1_199' title='bbox 645 2213 731 2262; x_wconf 72' lang='lat' dir='ltr'><strong>grosse</strong></span> <span class='ocrx_word' id='word_1_200' title='bbox 746 2197 811 2248; x_wconf 89' lang='lat' dir='ltr'><strong>Zahl</strong></span> <span class='ocrx_word' id='word_1_201' title='bbox 822 2198 1016 2262; x_wconf 73' lang='lat' dir='ltr'><strong>ausgesohieden</strong></span> <span class='ocrx_word' id='word_1_202' title='bbox 1028 2197 1129 2247; x_wconf 86' lang='lat' dir='ltr'><strong>werden</strong></span> <span class='ocrx_word' id='word_1_203' title='bbox 1142 2213 1217 2260; x_wconf 81' lang='lat' dir='ltr'><strong>muse,</strong></span> <span class='ocrx_word' id='word_1_204' title='bbox 1236 2193 1287 2245; x_wconf 81' lang='lat' dir='ltr'><strong>weil</strong></span> 
     </span>
     <span class='ocr_line' id='line_1_24' title="bbox 229 2264 958 2319; baseline 0 -3"><span class='ocrx_word' id='word_1_205' title='bbox 229 2267 266 2318; x_wconf 88' lang='lat' dir='ltr'><strong>sie</strong></span> <span class='ocrx_word' id='word_1_206' title='bbox 283 2267 330 2317; x_wconf 87' lang='lat' dir='ltr'><strong>mit</strong></span> <span class='ocrx_word' id='word_1_207' title='bbox 345 2267 426 2316; x_wconf 86' lang='lat' dir='ltr'><strong>einem</strong></span> <span class='ocrx_word' id='word_1_208' title='bbox 442 2269 528 2317; x_wconf 71' lang='lat' dir='ltr'><strong>uiuum</strong></span> <span class='ocrx_word' id='word_1_209' title='bbox 546 2264 658 2316; x_wconf 86' lang='lat' dir='ltr'><strong>bebeftet</strong></span> <span class='ocrx_word' id='word_1_210' title='bbox 673 2266 737 2319; x_wconf 86' lang='lat' dir='ltr'><strong>sind.</strong></span> <span class='ocrx_word' id='word_1_211' title='bbox 954 2306 958 2316; x_wconf 93' lang='grc'><strong>,</strong></span> 
     </span>
    </p>

    <p class='ocr_par' dir='ltr' id='par_1_12' title="bbox 228 2330 1286 2671">
     <span class='ocr_line' id='line_1_25' title="bbox 298 2330 1285 2402; baseline -0.002 -18"><span class='ocrx_word' id='word_1_212' title='bbox 298 2335 336 2384; x_wconf 90' lang='grc' dir='ltr'><strong>Ζ3</strong></span> <span class='ocrx_word' id='word_1_213' title='bbox 355 2339 491 2398; x_wconf 67' lang='lat' dir='ltr'><strong>expendere,</strong></span> <span class='ocrx_word' id='word_1_214' title='bbox 512 2333 596 2384; x_wconf 83' lang='lat' dir='ltr'><strong>wofrir</strong></span> <span class='ocrx_word' id='word_1_215' title='bbox 613 2342 684 2385; x_wconf 89' lang='lat' dir='ltr'><strong>sonst</strong></span> <span class='ocrx_word' id='word_1_216' title='bbox 705 2330 769 2385; x_wconf 86' lang='lat' dir='ltr'><strong>euch</strong></span> <span class='ocrx_word' id='word_1_217' title='bbox 782 2340 919 2398; x_wconf 74' lang='lat' dir='ltr'><strong>ponderare</strong></span> <span class='ocrx_word' id='word_1_218' title='bbox 938 2333 1077 2398; x_wconf 81' lang='lat' dir='ltr'><strong>gebraucht</strong></span> <span class='ocrx_word' id='word_1_219' title='bbox 1096 2333 1170 2402; x_wconf 83' lang='lat' dir='ltr'><strong>wird,</strong></span> <span class='ocrx_word' id='word_1_220' title='bbox 1190 2334 1238 2398; x_wconf 80' lang='lat' dir='ltr'>vgl.</span> <span class='ocrx_word' id='word_1_221' title='bbox 1256 2347 1285 2382; x_wconf 89' lang='lat' dir='ltr'><strong>or.</strong></span> 
     </span>
     <span class='ocr_line' id='line_1_26' title="bbox 233 2404 1285 2468; baseline -0.005 -11"><span class='ocrx_word' id='word_1_222' title='bbox 233 2407 271 2468; x_wconf 83' lang='lat'><strong>15,</strong></span> <span class='ocrx_word' id='word_1_223' title='bbox 290 2407 337 2457; x_wconf 79' lang='lat'><strong>48:</strong></span> <span class='ocrx_word' id='word_1_224' title='bbox 355 2408 405 2454; x_wconf 83' lang='lat' dir='ltr'><strong>Nee</strong></span> <span class='ocrx_word' id='word_1_225' title='bbox 420 2421 475 2454; x_wconf 84' lang='lat' dir='ltr'><strong>uero</strong></span> <span class='ocrx_word' id='word_1_226' title='bbox 494 2404 603 2466; x_wconf 85' lang='lat' dir='ltr'><strong>(erutor)</strong></span> <span class='ocrx_word' id='word_1_227' title='bbox 616 2415 697 2455; x_wconf 85' lang='lat' dir='ltr'><strong>utetur</strong></span> <span class='ocrx_word' id='word_1_228' title='bbox 710 2408 873 2466; x_wconf 72' lang='lat' dir='ltr'><strong>impmdeuter</strong></span> <span class='ocrx_word' id='word_1_229' title='bbox 886 2407 931 2454; x_wconf 83' lang='lat' dir='ltr'><strong>buc</strong></span> <span class='ocrx_word' id='word_1_230' title='bbox 941 2408 1016 2465; x_wconf 70' lang='lat' dir='ltr'><strong>coum,</strong></span> <span class='ocrx_word' id='word_1_231' title='bbox 1034 2407 1076 2454; x_wconf 81' lang='lat' dir='ltr'><strong>sed</strong></span> <span class='ocrx_word' id='word_1_232' title='bbox 1085 2406 1166 2454; x_wconf 80' lang='lat' dir='ltr'><strong>omniu</strong></span> <span class='ocrx_word' id='word_1_233' title='bbox 1177 2406 1285 2465; x_wconf 72' lang='lat' dir='ltr'><strong>expendet,</strong></span> 
     </span>
     <span class='ocr_line' id='line_1_27' title="bbox 230 2475 1286 2537; baseline -0.006 -13"><span class='ocrx_word' id='word_1_234' title='bbox 230 2483 253 2524; x_wconf 84' lang='lat' dir='ltr'><strong>et</strong></span> <span class='ocrx_word' id='word_1_235' title='bbox 272 2477 366 2536; x_wconf 56' lang='lat' dir='ltr'><strong>reticem</strong></span> <span class='ocrx_word' id='word_1_236' title='bbox 385 2489 435 2522; x_wconf 91' lang='lat' dir='ltr'><strong>uou</strong></span> <span class='ocrx_word' id='word_1_237' title='bbox 451 2477 514 2522; x_wconf 82' lang='lat' dir='ltr'><strong>euim</strong></span> <span class='ocrx_word' id='word_1_238' title='bbox 531 2489 621 2534; x_wconf 78' lang='lat' dir='ltr'><strong>semper</strong></span> <span class='ocrx_word' id='word_1_239' title='bbox 638 2490 680 2522; x_wconf 85' lang='lat' dir='ltr'><strong>uec</strong></span> <span class='ocrx_word' id='word_1_240' title='bbox 697 2477 723 2523; x_wconf 88' lang='lat' dir='ltr'><strong>iu</strong></span> <span class='ocrx_word' id='word_1_241' title='bbox 743 2475 853 2528; x_wconf 69' lang='lat' dir='ltr'><strong>omuibus</strong></span> <span class='ocrx_word' id='word_1_242' title='bbox 872 2477 951 2524; x_wconf 72' lang='lat' dir='ltr'><strong>eures</strong></span> <span class='ocrx_word' id='word_1_243' title='bbox 964 2489 993 2522; x_wconf 86' lang='grc'><strong>33</strong></span> <span class='ocrx_word' id='word_1_244' title='bbox 1005 2475 1089 2523; x_wconf 76' lang='lat' dir='ltr'><strong>iisdem</strong></span> <span class='ocrx_word' id='word_1_245' title='bbox 1100 2483 1286 2537; x_wconf 73' lang='lat' dir='ltr'><strong>erquuneutcruu</strong></span> 
     </span>
     <span class='ocr_line' id='line_1_28' title="bbox 229 2541 1286 2608; baseline -0.003 -17"><span class='ocrx_word' id='word_1_246' title='bbox 229 2552 347 2591; x_wconf 80' lang='lat' dir='ltr'><strong>momentu</strong></span> <span class='ocrx_word' id='word_1_247' title='bbox 364 2551 429 2592; x_wconf 81' lang='lat' dir='ltr'><strong>suut.</strong></span> <span class='ocrx_word' id='word_1_248' title='bbox 459 2543 581 2591; x_wconf 77' lang='lat' dir='ltr'><strong>Iudicium</strong></span> <span class='ocrx_word' id='word_1_249' title='bbox 600 2544 676 2607; x_wconf 73' lang='lat' dir='ltr'><strong>ipiteu</strong></span> <span class='ocrx_word' id='word_1_250' title='bbox 693 2544 812 2594; x_wconf 75' lang='lat' dir='ltr'><strong>adhibebit</strong></span> <span class='ocrx_word' id='word_1_251' title='bbox 830 2558 873 2592; x_wconf 84' lang='lat' dir='ltr'><strong>uee</strong></span> <span class='ocrx_word' id='word_1_252' title='bbox 889 2545 992 2592; x_wconf 75' lang='lat' dir='ltr'><strong>incendet</strong></span> <span class='ocrx_word' id='word_1_253' title='bbox 1007 2545 1083 2592; x_wconf 80' lang='lat' dir='ltr'><strong>sotum</strong></span> <span class='ocrx_word' id='word_1_254' title='bbox 1097 2545 1159 2606; x_wconf 81' lang='lat' dir='ltr'><strong>quid</strong></span> <span class='ocrx_word' id='word_1_255' title='bbox 1168 2546 1237 2608; x_wconf 75' lang='grc'><strong>311333,</strong></span> <span class='ocrx_word' id='word_1_256' title='bbox 1252 2541 1286 2589; x_wconf 83' lang='lat' dir='ltr'><strong>ud</strong></span> 
     </span>
     <span class='ocr_line' id='line_1_29' title="bbox 228 2613 432 2671; baseline 0.01 -11"><span class='ocrx_word' id='word_1_257' title='bbox 228 2615 298 2661; x_wconf 83' lang='lat' dir='ltr'><strong>etium</strong></span> <span class='ocrx_word' id='word_1_258' title='bbox 313 2613 432 2671; x_wconf 73' lang='lat' dir='ltr'><strong>expendet.</strong></span> 
     </span>
    </p>

    <p class='ocr_par' dir='ltr' id='par_1_13' title="bbox 228 2673 1285 2880">
     <span class='ocr_line' id='line_1_30' title="bbox 301 2673 1285 2742; baseline -0.005 -13"><span class='ocrx_word' id='word_1_259' title='bbox 301 2673 353 2735; x_wconf 68' lang='grc'><strong>77.</strong></span> <span class='ocrx_word' id='word_1_260' title='bbox 385 2679 443 2730; x_wconf 88' lang='grc'><strong>310.</strong></span> <span class='ocrx_word' id='word_1_261' title='bbox 473 2693 548 2740; x_wconf 64' lang='lat' dir='ltr'><strong>saepe</strong></span> <span class='ocrx_word' id='word_1_262' title='bbox 568 2694 591 2734; x_wconf 82' lang='lat' dir='ltr'><strong>z,</strong></span> <span class='ocrx_word' id='word_1_263' title='bbox 609 2677 636 2728; x_wconf 87' lang='grc' dir='ltr'><strong>Β.</strong></span> <span class='ocrx_word' id='word_1_264' title='bbox 655 2679 697 2741; x_wconf 83' lang='grc'><strong>21,</strong></span> <span class='ocrx_word' id='word_1_265' title='bbox 720 2681 783 2740; x_wconf 84' lang='grc'><strong>115;</strong></span> <span class='ocrx_word' id='word_1_266' title='bbox 816 2679 857 2742; x_wconf 88' lang='grc'><strong>28,</strong></span> <span class='ocrx_word' id='word_1_267' title='bbox 878 2680 939 2742; x_wconf 82' lang='grc'><strong>121;</strong></span> <span class='ocrx_word' id='word_1_268' title='bbox 969 2681 1012 2741; x_wconf 93' lang='grc'><strong>29,</strong></span> <span class='ocrx_word' id='word_1_269' title='bbox 1032 2679 1080 2730; x_wconf 87' lang='grc'><strong>128</strong></span> <span class='ocrx_word' id='word_1_270' title='bbox 1100 2695 1125 2728; x_wconf 88' lang='grc'><strong>3.</strong></span> <span class='ocrx_word' id='word_1_271' title='bbox 1145 2693 1168 2728; x_wconf 85' lang='lat' dir='ltr'><strong>e.</strong></span> <span class='ocrx_word' id='word_1_272' title='bbox 1204 2676 1240 2738; x_wconf 80' lang='lat' dir='ltr'><strong>Zp</strong></span> <span class='ocrx_word' id='word_1_273' title='bbox 1254 2677 1285 2724; x_wconf 80' lang='lat' dir='ltr'><strong>tu</strong></span> 
     </span>
     <span class='ocr_line' id='line_1_31' title="bbox 228 2744 1285 2812; baseline -0.001 -14"><span class='ocrx_word' id='word_1_274' title='bbox 228 2749 300 2799; x_wconf 78' lang='lat' dir='ltr'><strong>rebus</strong></span> <span class='ocrx_word' id='word_1_275' title='bbox 317 2764 356 2798; x_wconf 83' lang='grc'><strong>333</strong></span> <span class='ocrx_word' id='word_1_276' title='bbox 372 2746 423 2811; x_wconf 82' lang='lat' dir='ltr'>vgl.</span> <span class='ocrx_word' id='word_1_277' title='bbox 443 2748 484 2810; x_wconf 85' lang='lat'><strong>35,</strong></span> <span class='ocrx_word' id='word_1_278' title='bbox 503 2748 567 2798; x_wconf 83' lang='lat'>150:</span> <span class='ocrx_word' id='word_1_279' title='bbox 593 2765 641 2812; x_wconf 85' lang='lat' dir='ltr'><strong>qua</strong></span> <span class='ocrx_word' id='word_1_280' title='bbox 657 2764 709 2798; x_wconf 75' lang='lat' dir='ltr'><strong>eme</strong></span> <span class='ocrx_word' id='word_1_281' title='bbox 727 2751 815 2798; x_wconf 81' lang='lat' dir='ltr'><strong>uirtute</strong></span> <span class='ocrx_word' id='word_1_282' title='bbox 833 2750 934 2799; x_wconf 79' lang='lat' dir='ltr'><strong>uirtutes</strong></span> <span class='ocrx_word' id='word_1_283' title='bbox 949 2751 1055 2812; x_wconf 81' lang='lat' dir='ltr'><strong>reb&#39;quue</strong></span> <span class='ocrx_word' id='word_1_284' title='bbox 1074 2749 1240 2810; x_wconf 57' lang='lat' dir='ltr'><strong>continentum·</strong></span> <span class='ocrx_word' id='word_1_285' title='bbox 1260 2744 1285 2792; x_wconf 75' lang='lat' dir='ltr'><strong>dt</strong></span> 
     </span>
     <span class='ocr_line' id='line_1_32' title="bbox 230 2815 879 2880; baseline 0 -14"><span class='ocrx_word' id='word_1_286' title='bbox 230 2815 275 2868; x_wconf 82' lang='lat' dir='ltr'><strong>fat.</strong></span> <span class='ocrx_word' id='word_1_287' title='bbox 294 2819 317 2879; x_wconf 83' lang='lat'><strong>5,</strong></span> <span class='ocrx_word' id='word_1_288' title='bbox 336 2819 364 2868; x_wconf 83' lang='lat'><strong>9:</strong></span> <span class='ocrx_word' id='word_1_289' title='bbox 381 2833 442 2880; x_wconf 79' lang='lat' dir='ltr'><strong>quoe</strong></span> <span class='ocrx_word' id='word_1_290' title='bbox 458 2832 576 2880; x_wconf 82' lang='lat' dir='ltr'><strong>quumque</strong></span> <span class='ocrx_word' id='word_1_291' title='bbox 592 2833 642 2866; x_wconf 80' lang='lat' dir='ltr'><strong>rem</strong></span> <span class='ocrx_word' id='word_1_292' title='bbox 659 2833 697 2866; x_wconf 83' lang='grc'><strong>333</strong></span> <span class='ocrx_word' id='word_1_293' title='bbox 714 2825 879 2880; x_wconf 68' lang='lat' dir='ltr'><strong>erumperetur.</strong></span> 
     </span>
    </p>

    <p class='ocr_par' dir='ltr' id='par_1_14' title="bbox 294 2883 1214 2948">
     <span class='ocr_line' id='line_1_33' title="bbox 294 2883 1214 2948; baseline -0.003 -13"><span class='ocrx_word' id='word_1_294' title='bbox 294 2902 357 2948; x_wconf 80' lang='lat' dir='ltr'><strong>prce</strong></span> <span class='ocrx_word' id='word_1_295' title='bbox 373 2888 441 2934; x_wconf 78' lang='lat' dir='ltr'><strong>uobis</strong></span> <span class='ocrx_word' id='word_1_296' title='bbox 458 2895 492 2935; x_wconf 81' lang='lat' dir='ltr'><strong>est</strong></span> <span class='ocrx_word' id='word_1_297' title='bbox 503 2885 623 2948; x_wconf 70' lang='lat' dir='ltr'><strong>secuda:</strong></span> <span class='ocrx_word' id='word_1_298' title='bbox 641 2885 738 2934; x_wconf 87' lang='lat' dir='ltr'><strong>miissen</strong></span> <span class='ocrx_word' id='word_1_299' title='bbox 756 2885 805 2934; x_wconf 86' lang='lat' dir='ltr'><strong>wir</strong></span> <span class='ocrx_word' id='word_1_300' title='bbox 822 2883 1001 2948; x_wconf 83' lang='lat' dir='ltr'><strong>getlisscntlicb</strong></span> <span class='ocrx_word' id='word_1_301' title='bbox 1017 2883 1214 2934; x_wconf 79' lang='lat' dir='ltr'><strong>herauskehren.</strong></span> 
     </span>
    </p>

    <p class='ocr_par' dir='ltr' id='par_1_15' title="bbox 231 2948 1284 3086">
     <span class='ocr_line' id='line_1_34' title="bbox 298 2948 1284 3018; baseline -0.004 -15"><span class='ocrx_word' id='word_1_302' title='bbox 298 2957 332 3004; x_wconf 85' lang='lat' dir='ltr'><strong>eie</strong></span> <span class='ocrx_word' id='word_1_303' title='bbox 353 2958 415 3016; x_wconf 78' lang='grc'><strong>11133,</strong></span> <span class='ocrx_word' id='word_1_304' title='bbox 435 2953 480 3002; x_wconf 85' lang='lat' dir='ltr'><strong>das</strong></span> <span class='ocrx_word' id='word_1_305' title='bbox 498 2953 703 3017; x_wconf 79' lang='lat' dir='ltr'><strong>vorhergebende</strong></span> <span class='ocrx_word' id='word_1_306' title='bbox 724 2952 794 3016; x_wconf 89' lang='lat' dir='ltr'><strong>Subj.</strong></span> <span class='ocrx_word' id='word_1_307' title='bbox 811 2957 916 3018; x_wconf 75' lang='lat' dir='ltr'><strong>retiquae</strong></span> <span class='ocrx_word' id='word_1_308' title='bbox 933 2957 994 3004; x_wconf 80' lang='lat' dir='ltr'><strong>duae</strong></span> <span class='ocrx_word' id='word_1_309' title='bbox 1009 2952 1104 3002; x_wconf 83' lang='lat' dir='ltr'><strong>wieder</strong></span> <span class='ocrx_word' id='word_1_310' title='bbox 1124 2948 1284 3012; x_wconf 87' lang='lat' dir='ltr'><strong>uufuehmend,</strong></span> 
     </span>
     <span class='ocr_line' id='line_1_35' title="bbox 231 3021 1283 3086; baseline -0.004 -15"><span class='ocrx_word' id='word_1_311' title='bbox 231 3037 272 3071; x_wconf 88' lang='lat' dir='ltr'><strong>um</strong></span> <span class='ocrx_word' id='word_1_312' title='bbox 288 3022 327 3072; x_wconf 87' lang='lat' dir='ltr'><strong>die</strong></span> <span class='ocrx_word' id='word_1_313' title='bbox 339 3021 593 3085; x_wconf 82' lang='lat' dir='ltr'><strong>Uebereinstimmung</strong></span> <span class='ocrx_word' id='word_1_314' title='bbox 610 3037 720 3086; x_wconf 83' lang='lat' dir='ltr'><strong>geneuer</strong></span> <span class='ocrx_word' id='word_1_315' title='bbox 738 3038 768 3071; x_wconf 84' lang='lat' dir='ltr'><strong>zu</strong></span> <span class='ocrx_word' id='word_1_316' title='bbox 788 3022 929 3085; x_wconf 81' lang='lat' dir='ltr'><strong>markiren3</strong></span> <span class='ocrx_word' id='word_1_317' title='bbox 961 3021 1012 3086; x_wconf 83' lang='lat' dir='ltr'>vgl.</span> <span class='ocrx_word' id='word_1_318' title='bbox 1027 3023 1068 3084; x_wconf 87' lang='grc'><strong>63,</strong></span> <span class='ocrx_word' id='word_1_319' title='bbox 1084 3024 1136 3073; x_wconf 80' lang='grc'><strong>257</strong></span> <span class='ocrx_word' id='word_1_320' title='bbox 1144 3037 1150 3070; x_wconf 91' lang='lat'>:</span> <span class='ocrx_word' id='word_1_321' title='bbox 1167 3026 1202 3072; x_wconf 82' lang='lat' dir='ltr'><strong>eie</strong></span> <span class='ocrx_word' id='word_1_322' title='bbox 1218 3024 1283 3071; x_wconf 81' lang='lat' dir='ltr'><strong>eum.</strong></span> 
     </span>
    </p>

    <p class='ocr_par' dir='ltr' id='par_1_16' title="bbox 229 3088 1283 3498">
     <span class='ocr_line' id='line_1_36' title="bbox 292 3088 1283 3156; baseline -0.006 -15"><span class='ocrx_word' id='word_1_323' title='bbox 292 3093 384 3155; x_wconf 82' lang='lat' dir='ltr'><strong>susae:</strong></span> <span class='ocrx_word' id='word_1_324' title='bbox 407 3090 462 3139; x_wconf 91' lang='grc'><strong>3133</strong></span> <span class='ocrx_word' id='word_1_325' title='bbox 479 3089 578 3153; x_wconf 66' lang='grc'><strong>11331153</strong></span> <span class='ocrx_word' id='word_1_326' title='bbox 599 3090 729 3156; x_wconf 85' lang='lat' dir='ltr'><strong>Metnpher</strong></span> <span class='ocrx_word' id='word_1_327' title='bbox 748 3088 789 3140; x_wconf 82' lang='grc'><strong>1113</strong></span> <span class='ocrx_word' id='word_1_328' title='bbox 810 3091 854 3140; x_wconf 85' lang='lat' dir='ltr'><strong>das</strong></span> <span class='ocrx_word' id='word_1_329' title='bbox 872 3091 990 3141; x_wconf 82' lang='lat' dir='ltr'><strong>deutsche</strong></span> <span class='ocrx_word' id='word_1_330' title='bbox 1008 3089 1155 3142; x_wconf 85' lang='lat' dir='ltr'><strong>Vertheilen</strong></span> <span class='ocrx_word' id='word_1_331' title='bbox 1177 3089 1283 3140; x_wconf 80' lang='lat' dir='ltr'><strong>oddus·</strong></span> 
     </span>
     <span class='ocr_line' id='line_1_37' title="bbox 230 3158 1281 3225; baseline -0.002 -17"><span class='ocrx_word' id='word_1_332' title='bbox 230 3158 337 3222; x_wconf 87' lang='lat' dir='ltr'><strong>breiten,</strong></span> <span class='ocrx_word' id='word_1_333' title='bbox 355 3174 377 3206; x_wconf 89' lang='lat' dir='ltr'><strong>z.</strong></span> <span class='ocrx_word' id='word_1_334' title='bbox 396 3159 423 3207; x_wconf 88' lang='lat' dir='ltr'><strong>B.</strong></span> <span class='ocrx_word' id='word_1_335' title='bbox 443 3164 519 3209; x_wconf 89' lang='lat' dir='ltr'><strong>uuten</strong></span> <span class='ocrx_word' id='word_1_336' title='bbox 538 3161 579 3221; x_wconf 83' lang='grc'><strong>19,</strong></span> <span class='ocrx_word' id='word_1_337' title='bbox 600 3160 663 3212; x_wconf 70' lang='grc'><strong>3223</strong></span> <span class='ocrx_word' id='word_1_338' title='bbox 680 3162 891 3225; x_wconf 65' lang='lat' dir='ltr'><strong>consumendum</strong></span> <span class='ocrx_word' id='word_1_339' title='bbox 916 3159 958 3210; x_wconf 85' lang='lat' dir='ltr'><strong>ul.</strong></span> <span class='ocrx_word' id='word_1_340' title='bbox 979 3162 1018 3222; x_wconf 91' lang='grc'><strong>16,</strong></span> <span class='ocrx_word' id='word_1_341' title='bbox 1039 3162 1085 3212; x_wconf 82' lang='lat' dir='ltr'><strong>bl:</strong></span> <span class='ocrx_word' id='word_1_342' title='bbox 1105 3175 1134 3210; x_wconf 76' lang='lat' dir='ltr'><strong>uc</strong></span> <span class='ocrx_word' id='word_1_343' title='bbox 1150 3163 1214 3210; x_wconf 78' lang='lat' dir='ltr'><strong>itlius</strong></span> <span class='ocrx_word' id='word_1_344' title='bbox 1229 3159 1281 3220; x_wconf 80' lang='lat' dir='ltr'><strong>(eo-</strong></span> 
     </span>
     <span class='ocr_line' id='line_1_38' title="bbox 230 3229 1282 3292; baseline 0 -14"><span class='ocrx_word' id='word_1_345' title='bbox 230 3229 314 3289; x_wconf 80' lang='lat' dir='ltr'><strong>eretic)</strong></span> <span class='ocrx_word' id='word_1_346' title='bbox 337 3230 413 3278; x_wconf 75' lang='lat' dir='ltr'><strong>uariis</strong></span> <span class='ocrx_word' id='word_1_347' title='bbox 435 3237 457 3277; x_wconf 84' lang='lat' dir='ltr'><strong>et</strong></span> <span class='ocrx_word' id='word_1_348' title='bbox 479 3231 580 3278; x_wconf 79' lang='lat' dir='ltr'><strong>diuersis</strong></span> <span class='ocrx_word' id='word_1_349' title='bbox 596 3237 619 3278; x_wconf 86' lang='lat' dir='ltr'><strong>et</strong></span> <span class='ocrx_word' id='word_1_350' title='bbox 635 3231 662 3277; x_wconf 87' lang='lat' dir='ltr'><strong>iu</strong></span> <span class='ocrx_word' id='word_1_351' title='bbox 679 3245 771 3279; x_wconf 83' lang='lat' dir='ltr'><strong>omuem</strong></span> <span class='ocrx_word' id='word_1_352' title='bbox 788 3239 884 3291; x_wconf 80' lang='lat' dir='ltr'><strong>purtem</strong></span> <span class='ocrx_word' id='word_1_353' title='bbox 900 3231 997 3292; x_wconf 72' lang='lat' dir='ltr'><strong>diffusio</strong></span> <span class='ocrx_word' id='word_1_354' title='bbox 1015 3232 1214 3289; x_wconf 74' lang='lat' dir='ltr'><strong>disputationibus</strong></span> <span class='ocrx_word' id='word_1_355' title='bbox 1230 3229 1282 3277; x_wconf 76' lang='lat' dir='ltr'><strong>abur</strong></span> 
     </span>
     <span class='ocr_line' id='line_1_39' title="bbox 230 3295 1280 3361; baseline -0.007 -13"><span class='ocrx_word' id='word_1_356' title='bbox 230 3300 301 3348; x_wconf 85' lang='lat' dir='ltr'><strong>uliud</strong></span> <span class='ocrx_word' id='word_1_357' title='bbox 320 3298 515 3358; x_wconf 75' lang='lat' dir='ltr'><strong>apprehenderat.</strong></span> <span class='ocrx_word' id='word_1_358' title='bbox 551 3295 611 3345; x_wconf 87' lang='lat' dir='ltr'><strong>Dem</strong></span> <span class='ocrx_word' id='word_1_359' title='bbox 629 3297 808 3361; x_wconf 89' lang='lat' dir='ltr'><strong>entsprecbend</strong></span> <span class='ocrx_word' id='word_1_360' title='bbox 824 3299 925 3348; x_wconf 85' lang='lat' dir='ltr'><strong>werden</strong></span> <span class='ocrx_word' id='word_1_361' title='bbox 944 3296 1090 3347; x_wconf 84' lang='lat' dir='ltr'><strong>Ausdriicke</strong></span> <span class='ocrx_word' id='word_1_362' title='bbox 1108 3296 1153 3346; x_wconf 87' lang='lat' dir='ltr'><strong>des</strong></span> <span class='ocrx_word' id='word_1_363' title='bbox 1169 3295 1280 3346; x_wconf 84' lang='lat' dir='ltr'><strong>Fliessem</strong></span> 
     </span>
     <span class='ocr_line' id='line_1_40' title="bbox 229 3363 1278 3430; baseline -0.003 -15"><span class='ocrx_word' id='word_1_364' title='bbox 229 3364 273 3415; x_wconf 85' lang='lat' dir='ltr'><strong>fiir</strong></span> <span class='ocrx_word' id='word_1_365' title='bbox 293 3379 370 3415; x_wconf 87' lang='lat' dir='ltr'><strong>unser</strong></span> <span class='ocrx_word' id='word_1_366' title='bbox 392 3363 525 3425; x_wconf 76' lang='lat' dir='ltr'><strong>liommon,</strong></span> <span class='ocrx_word' id='word_1_367' title='bbox 551 3363 720 3428; x_wconf 80' lang='lat' dir='ltr'><strong>Hingelengen</strong></span> <span class='ocrx_word' id='word_1_368' title='bbox 744 3367 784 3416; x_wconf 92' lang='lat' dir='ltr'><strong>od.</strong></span> <span class='ocrx_word' id='word_1_369' title='bbox 802 3364 955 3429; x_wconf 79' lang='lat' dir='ltr'><strong>Eindringen</strong></span> <span class='ocrx_word' id='word_1_370' title='bbox 978 3366 1129 3430; x_wconf 73' lang='lat' dir='ltr'><strong>gebreucbt,</strong></span> <span class='ocrx_word' id='word_1_371' title='bbox 1156 3366 1204 3416; x_wconf 86' lang='lat' dir='ltr'><strong>wie</strong></span> <span class='ocrx_word' id='word_1_372' title='bbox 1227 3363 1278 3412; x_wconf 83' lang='lat' dir='ltr'><strong>oben</strong></span> 
     </span>
     <span class='ocr_line' id='line_1_41' title="bbox 230 3432 788 3498; baseline 0.002 -11"><span class='ocrx_word' id='word_1_373' title='bbox 230 3437 272 3494; x_wconf 82' lang='lat'><strong>53,</strong></span> <span class='ocrx_word' id='word_1_374' title='bbox 292 3436 344 3486; x_wconf 90' lang='grc'><strong>212</strong></span> <span class='ocrx_word' id='word_1_375' title='bbox 362 3434 413 3483; x_wconf 89' lang='lat' dir='ltr'><strong>und</strong></span> <span class='ocrx_word' id='word_1_376' title='bbox 430 3432 471 3483; x_wconf 90' lang='grc' dir='ltr'><strong>ΙΙΙ.</strong></span> <span class='ocrx_word' id='word_1_377' title='bbox 490 3436 532 3497; x_wconf 87' lang='grc'><strong>24,</strong></span> <span class='ocrx_word' id='word_1_378' title='bbox 552 3435 600 3485; x_wconf 84' lang='lat'><strong>91:</strong></span> <span class='ocrx_word' id='word_1_379' title='bbox 618 3436 708 3498; x_wconf 81' lang='lat' dir='ltr'><strong>influet</strong></span> <span class='ocrx_word' id='word_1_380' title='bbox 724 3451 749 3485; x_wconf 87' lang='lat' dir='ltr'><strong>u.</strong></span> <span class='ocrx_word' id='word_1_381' title='bbox 765 3450 788 3488; x_wconf 67' lang='lat' dir='ltr'><strong>u</strong></span> 
     </span>
    </p>

    <p class='ocr_par' dir='ltr' id='par_1_17' title="bbox 297 3502 843 3564">
     <span class='ocr_line' id='line_1_42' title="bbox 297 3502 843 3564; baseline 0.005 -11"><span class='ocrx_word' id='word_1_382' title='bbox 297 3507 363 3554; x_wconf 84' lang='lat' dir='ltr'><strong>Nam</strong></span> <span class='ocrx_word' id='word_1_383' title='bbox 378 3513 401 3554; x_wconf 82' lang='lat' dir='ltr'><strong>et</strong></span> <span class='ocrx_word' id='word_1_384' title='bbox 412 3505 538 3564; x_wconf 69' lang='lat' dir='ltr'><strong>precepta</strong></span> <span class='ocrx_word' id='word_1_385' title='bbox 554 3509 601 3552; x_wconf 89' lang='lat' dir='ltr'><strong>cet.</strong></span> <span class='ocrx_word' id='word_1_386' title='bbox 620 3518 639 3552; x_wconf 86' lang='lat' dir='ltr'><strong>s.</strong></span> <span class='ocrx_word' id='word_1_387' title='bbox 658 3502 681 3552; x_wconf 93' lang='lat' dir='ltr'><strong>d.</strong></span> <span class='ocrx_word' id='word_1_388' title='bbox 702 3502 761 3553; x_wconf 85' lang='lat' dir='ltr'><strong>krit.</strong></span> <span class='ocrx_word' id='word_1_389' title='bbox 779 3503 843 3556; x_wconf 85' lang='lat' dir='ltr'><strong>Anb.</strong></span> 
     </span>
    </p>

    <p class='ocr_par' dir='ltr' id='par_1_18' title="bbox 298 3567 1236 3638">
     <span class='ocr_line' id='line_1_43' title="bbox 298 3567 1236 3638; baseline -0.007 -13"><span class='ocrx_word' id='word_1_390' title='bbox 298 3575 357 3625; x_wconf 82' lang='lat'><strong>311.</strong></span> <span class='ocrx_word' id='word_1_391' title='bbox 389 3575 563 3634; x_wconf 73' lang='lat' dir='ltr'><strong>persuadendo,</strong></span> <span class='ocrx_word' id='word_1_392' title='bbox 581 3572 604 3622; x_wconf 88' lang='lat' dir='ltr'><strong>d.</strong></span> <span class='ocrx_word' id='word_1_393' title='bbox 621 3570 639 3622; x_wconf 91' lang='grc'><strong>1.</strong></span> <span class='ocrx_word' id='word_1_394' title='bbox 659 3575 822 3635; x_wconf 69' lang='lat' dir='ltr'><strong>eminendo,</strong></span> <span class='ocrx_word' id='word_1_395' title='bbox 840 3589 870 3623; x_wconf 89' lang='lat' dir='ltr'><strong>zu</strong></span> <span class='ocrx_word' id='word_1_396' title='bbox 884 3575 979 3638; x_wconf 68' lang='lat' dir='ltr'><strong>depredi</strong></span> <span class='ocrx_word' id='word_1_397' title='bbox 995 3571 1046 3636; x_wconf 78' lang='lat' dir='ltr'><strong>vgl.</strong></span> <span class='ocrx_word' id='word_1_398' title='bbox 1063 3574 1102 3634; x_wconf 91' lang='grc'><strong>19,</strong></span> <span class='ocrx_word' id='word_1_399' title='bbox 1120 3573 1153 3624; x_wconf 86' lang='grc'><strong>89</strong></span> <span class='ocrx_word' id='word_1_400' title='bbox 1171 3586 1194 3634; x_wconf 80' lang='lat' dir='ltr'><strong>g.</strong></span> <span class='ocrx_word' id='word_1_401' title='bbox 1210 3567 1236 3618; x_wconf 82' lang='grc'><strong>11.</strong></span> 
     </span>
    </p>

    <p class='ocr_par' dir='ltr' id='par_1_19' title="bbox 223 3638 1278 3910">
     <span class='ocr_line' id='line_1_44' title="bbox 297 3638 1278 3706; baseline -0.002 -15"><span class='ocrx_word' id='word_1_402' title='bbox 297 3645 363 3706; x_wconf 86' lang='lat' dir='ltr'><strong>quod</strong></span> <span class='ocrx_word' id='word_1_403' title='bbox 376 3667 409 3677; x_wconf 92' lang='lat'><strong>—</strong></span> <span class='ocrx_word' id='word_1_404' title='bbox 424 3659 495 3706; x_wconf 78' lang='lat' dir='ltr'><strong>uper:</strong></span> <span class='ocrx_word' id='word_1_405' title='bbox 526 3638 627 3691; x_wconf 85' lang='lat' dir='ltr'><strong>werauf</strong></span> <span class='ocrx_word' id='word_1_406' title='bbox 640 3655 697 3690; x_wconf 85' lang='lat' dir='ltr'><strong>man</strong></span> <span class='ocrx_word' id='word_1_407' title='bbox 715 3643 829 3705; x_wconf 81' lang='lat' dir='ltr'><strong>ausgeht,</strong></span> <span class='ocrx_word' id='word_1_408' title='bbox 848 3642 900 3706; x_wconf 78' lang='lat' dir='ltr'>vgl.</span> <span class='ocrx_word' id='word_1_409' title='bbox 919 3640 1072 3706; x_wconf 75' lang='grc'><strong>1113331133.</strong></span> <span class='ocrx_word' id='word_1_410' title='bbox 1092 3640 1112 3693; x_wconf 91' lang='lat'><strong>1.</strong></span> <span class='ocrx_word' id='word_1_411' title='bbox 1132 3643 1172 3702; x_wconf 90' lang='grc'><strong>26,</strong></span> <span class='ocrx_word' id='word_1_412' title='bbox 1193 3640 1235 3691; x_wconf 80' lang='lat'><strong>46:</strong></span> <span class='ocrx_word' id='word_1_413' title='bbox 1257 3641 1278 3683; x_wconf 76' lang='lat' dir='ltr'><strong>ut</strong></span> 
     </span>
     <span class='ocr_line' id='line_1_45' title="bbox 223 3711 1277 3776; baseline 0.001 -17"><span class='ocrx_word' id='word_1_414' title='bbox 223 3711 301 3772; x_wconf 73' lang='lat' dir='ltr'><strong>facile</strong></span> <span class='ocrx_word' id='word_1_415' title='bbox 323 3714 430 3776; x_wconf 75' lang='grc'><strong>3333311393·</strong></span> <span class='ocrx_word' id='word_1_416' title='bbox 446 3713 524 3773; x_wconf 78' lang='lat' dir='ltr'><strong>poscit</strong></span> <span class='ocrx_word' id='word_1_417' title='bbox 546 3715 654 3761; x_wconf 83' lang='lat' dir='ltr'><strong>uuimum</strong></span> <span class='ocrx_word' id='word_1_418' title='bbox 678 3721 701 3761; x_wconf 82' lang='lat' dir='ltr'><strong>et</strong></span> <span class='ocrx_word' id='word_1_419' title='bbox 722 3714 801 3762; x_wconf 78' lang='lat' dir='ltr'><strong>uidere</strong></span> <span class='ocrx_word' id='word_1_420' title='bbox 822 3720 843 3762; x_wconf 78' lang='lat' dir='ltr'><strong>et</strong></span> <span class='ocrx_word' id='word_1_421' title='bbox 866 3714 964 3772; x_wconf 81' lang='lat' dir='ltr'><strong>audire,</strong></span> <span class='ocrx_word' id='word_1_422' title='bbox 989 3727 1039 3760; x_wconf 88' lang='lat' dir='ltr'><strong>uou</strong></span> <span class='ocrx_word' id='word_1_423' title='bbox 1062 3727 1101 3760; x_wconf 78' lang='lat' dir='ltr'><strong>eae</strong></span> <span class='ocrx_word' id='word_1_424' title='bbox 1113 3713 1206 3772; x_wconf 67' lang='lat' dir='ltr'><strong>partib,</strong></span> <span class='ocrx_word' id='word_1_425' title='bbox 1229 3716 1277 3768; x_wconf 66' lang='lat' dir='ltr'><strong>qim</strong></span> 
     </span>
     <span class='ocr_line' id='line_1_46' title="bbox 230 3771 1277 3844; baseline -0.002 -16"><span class='ocrx_word' id='word_1_426' title='bbox 230 3782 300 3841; x_wconf 78' lang='lat' dir='ltr'><strong>quast</strong></span> <span class='ocrx_word' id='word_1_427' title='bbox 309 3781 434 3841; x_wconf 77' lang='lat' dir='ltr'><strong>fenestrae</strong></span> <span class='ocrx_word' id='word_1_428' title='bbox 452 3783 502 3832; x_wconf 78' lang='lat' dir='ltr'><strong>siut</strong></span> <span class='ocrx_word' id='word_1_429' title='bbox 518 3784 606 3843; x_wconf 82' lang='lat' dir='ltr'><strong>auimi,</strong></span> <span class='ocrx_word' id='word_1_430' title='bbox 625 3781 713 3844; x_wconf 83' lang='lat' dir='ltr'><strong>quibua</strong></span> <span class='ocrx_word' id='word_1_431' title='bbox 730 3789 808 3830; x_wconf 84' lang='lat' dir='ltr'><strong>tumeu</strong></span> <span class='ocrx_word' id='word_1_432' title='bbox 828 3784 915 3832; x_wconf 79' lang='lat' dir='ltr'><strong>seutire</strong></span> <span class='ocrx_word' id='word_1_433' title='bbox 933 3782 997 3831; x_wconf 80' lang='lat' dir='ltr'><strong>uibd</strong></span> <span class='ocrx_word' id='word_1_434' title='bbox 1014 3789 1085 3844; x_wconf 80' lang='lat' dir='ltr'><strong>queat</strong></span> <span class='ocrx_word' id='word_1_435' title='bbox 1104 3795 1181 3840; x_wconf 79' lang='lat' dir='ltr'><strong>uuus,</strong></span> <span class='ocrx_word' id='word_1_436' title='bbox 1197 3776 1242 3826; x_wconf 77' lang='lat' dir='ltr'><strong>ue&#39;e¹</strong></span> <span class='ocrx_word' id='word_1_437' title='bbox 1256 3771 1277 3820; x_wconf 70' lang='lat' dir='ltr'><strong>id</strong></span> 
     </span>
     <span class='ocr_line' id='line_1_47' title="bbox 228 3851 406 3910; baseline 0.017 -14"><span class='ocrx_word' id='word_1_438' title='bbox 228 3857 283 3910; x_wconf 74' lang='lat' dir='ltr'><strong>aput</strong></span> <span class='ocrx_word' id='word_1_439' title='bbox 299 3857 321 3898; x_wconf 84' lang='lat' dir='ltr'><strong>et</strong></span> <span class='ocrx_word' id='word_1_440' title='bbox 337 3851 406 3901; x_wconf 79' lang='lat' dir='ltr'><strong>adsit.</strong></span> 
     </span>
    </p>

    <p class='ocr_par' dir='ltr' id='par_1_20' title="bbox 300 3908 1277 3980">
     <span class='ocr_line' id='line_1_48' title="bbox 300 3908 1277 3980; baseline -0.005 -13"><span class='ocrx_word' id='word_1_441' title='bbox 300 3917 357 3968; x_wconf 83' lang='lat'>312.</span> <span class='ocrx_word' id='word_1_442' title='bbox 388 3927 492 3969; x_wconf 74' lang='grc'><strong>3333333</strong></span> <span class='ocrx_word' id='word_1_443' title='bbox 509 3929 531 3970; x_wconf 84' lang='lat' dir='ltr'><strong>et</strong></span> <span class='ocrx_word' id='word_1_444' title='bbox 548 3918 662 3980; x_wconf 71' lang='lat' dir='ltr'><strong>reposita.</strong></span> <span class='ocrx_word' id='word_1_445' title='bbox 698 3915 771 3966; x_wconf 83' lang='lat' dir='ltr'><strong>Diese</strong></span> <span class='ocrx_word' id='word_1_446' title='bbox 791 3916 878 3967; x_wconf 87' lang='lat' dir='ltr'><strong>beiden</strong></span> <span class='ocrx_word' id='word_1_447' title='bbox 898 3916 1044 3966; x_wconf 79' lang='lat' dir='ltr'><strong>Ausdriicke</strong></span> <span class='ocrx_word' id='word_1_448' title='bbox 1062 3915 1207 3968; x_wconf 84' lang='lat' dir='ltr'><strong>bezeichnen</strong></span> <span class='ocrx_word' id='word_1_449' title='bbox 1221 3908 1277 3959; x_wconf 80' lang='lat' dir='ltr'><strong>nicht</strong></span> 
     </span>
    </p>
   </div>
   <div class='ocr_carea' id='block_1_5' title="bbox 182 3979 1276 4065">
    <p class='ocr_par' dir='ltr' id='par_1_21' title="bbox 182 3979 1276 4065">
     <span class='ocr_line' id='line_1_49' title="bbox 182 3979 1276 4065; baseline -0.003 -33"><span class='ocrx_word' id='word_1_450' title='bbox 182 4061 184 4065; x_wconf 28' lang='grc' dir='ltr'>Ι</span> <span class='ocrx_word' id='word_1_451' title='bbox 229 3998 294 4048; x_wconf 84' lang='lat' dir='ltr'><strong>ganz</strong></span> <span class='ocrx_word' id='word_1_452' title='bbox 321 3985 447 4051; x_wconf 85' lang='lat' dir='ltr'><strong>dasselbc,</strong></span> <span class='ocrx_word' id='word_1_453' title='bbox 478 3984 587 4038; x_wconf 84' lang='lat' dir='ltr'><strong>insofern</strong></span> <span class='ocrx_word' id='word_1_454' title='bbox 615 3988 725 4035; x_wconf 83' lang='lat' dir='ltr'><strong>ersteres</strong></span> <span class='ocrx_word' id='word_1_455' title='bbox 751 4001 797 4034; x_wconf 91' lang='lat' dir='ltr'><strong>nur</strong></span> <span class='ocrx_word' id='word_1_456' title='bbox 826 3984 865 4036; x_wconf 89' lang='lat' dir='ltr'><strong>die</strong></span> <span class='ocrx_word' id='word_1_457' title='bbox 891 3985 1036 4048; x_wconf 78' lang='lat' dir='ltr'><strong>Erc&#39;dhlung</strong></span> <span class='ocrx_word' id='word_1_458' title='bbox 1063 3984 1107 4034; x_wconf 90' lang='lat' dir='ltr'><strong>der</strong></span> <span class='ocrx_word' id='word_1_459' title='bbox 1129 3979 1276 4038; x_wconf 73' lang='grc'><strong>1131333133,</strong></span> 
     </span>
    </p>
   </div>
   <div class='ocr_carea' id='block_1_6' title="bbox 0 0 1384 4518">
    <p class='ocr_par' dir='ltr' id='par_1_22' title="bbox 0 0 1384 4518">
     <span class='ocr_line' id='line_1_50' title="bbox 0 0 1384 4518; baseline 0 0"><span class='ocrx_word' id='word_1_460' title='bbox 0 0 1384 4518; x_wconf 95' lang='lat' dir='ltr'><strong> </strong></span> 
     </span>
    </p>
   </div>
  </div>
 </body>
</html>
