2736 4528
341 319 384 370 nn
405 319 568 385 onltronn,
586 320 631 370 m.
645 318 663 370 1.
683 337 734 388 cap.
751 325 775 372 t.
793 321 808 383 s
823 323 932 374 ac-no.
1132 321 1174 386 25

101 484 213 548 carent,
237 475 268 536 G.
292 475 381 546 Cotta,
405 476 455 555 qui
476 485 539 536 tum
560 475 742 536 tribunatum
763 476 854 554 plebis
872 476 993 554 petebat,
1016 485 1043 537 et
1058 477 1090 537 P.
1106 479 1172 539 Sul-

100 563 211 641 picius,
252 561 305 640 qui
338 561 476 640 deinceps
505 579 573 621 eum
604 562 803 640 magistratum
835 562 978 640 petiturus
1010 563 1173 640 putabatur.

99 648 137 708 lli
169 647 270 725 primo
305 646 352 706 die
389 647 424 706 de
460 645 643 725 temporibus
679 647 774 724 deque
810 647 947 707 universa
981 666 1014 707 re
1049 648 1174 726 publica,
1189 649 1232 700 26.

99 751 189 810 mam
213 731 252 792 oh
277 749 395 800 causam
417 739 573 806 venerant,
606 732 730 792 multum
751 733 827 792 inter
849 751 880 792 se
901 751 997 811 usque
1018 733 1054 792 ad
1077 743 1171 794 extre-

100 837 184 878 mum
205 825 326 895 tempus
342 817 399 877 diei
414 817 550 877 collocuti
572 826 649 877 sunt.
694 818 759 890 Quo
783 818 902 896 quidem
925 835 1062 878 sermone
1084 819 1174 879 multa

102 903 243 963 diuinitus
266 921 283 962 a
306 901 398 962 trihus
427 902 482 962 illis
512 902 715 963 consularibus
745 903 827 964 Cotta
856 903 1003 981 deplorata
1033 910 1061 963 et
1090 922 1172 965 com-

102 996 266 1050 memorata
286 986 431 1059 narrabat
454 994 486 1047 ut
502 987 573 1048 nihil
589 987 737 1048 incidisset
759 998 859 1067 postea
875 989 980 1049 civitati
994 989 1070 1061 mali,
1093 990 1171 1068 quod

99 1091 162 1134 uon
194 1072 370 1152 impendere
406 1072 447 1132 illi
484 1080 564 1133 tanto
597 1081 662 1133 ante
699 1073 855 1146 vidisseut3
893 1092 928 1133 eo
961 1085 1058 1134 autem
1092 1076 1231 1136 omui2t.

104 1176 244 1220 sermone
268 1159 419 1230 confecto,
449 1165 558 1218 tantam
581 1158 611 1218 in
634 1158 738 1219 Crasso
761 1159 971 1220 humanitatem
994 1159 1101 1240 fuisse,
1133 1170 1173 1232 ut,

101 1262 170 1304 cum
192 1243 265 1304 lauti
286 1243 501 1315 accubuissent,
524 1243 671 1304 toherelur
694 1244 791 1305 omnis
813 1244 858 1304 ihu
879 1244 1039 1322 superioris
1060 1246 1172 1306 tristitia

99 1329 250 1390 sermonis
273 1347 366 1406 eaque
389 1337 465 1389 esset
478 1328 510 1388 in
525 1329 645 1388 homine
667 1329 830 1390 iucunditas
851 1337 879 1390 et
894 1337 990 1390 tantus
1001 1330 1032 1389 in
1048 1331 1172 1391 iocando

99 1415 201 1492 lepos,
232 1421 267 1474 ut
297 1413 358 1474 dies
387 1413 464 1473 inter
491 1432 542 1474 eos
572 1414 669 1474 curiae
692 1415 783 1474 luisse
805 1415 968 1487 videretur,
1004 1416 1172 1476 convivium

99 1499 271 1560 Tusculani.
319 1498 445 1559 Postero
475 1508 572 1559 autem
601 1499 662 1572 die,
695 1518 763 1560 eum
787 1499 827 1560 illi
859 1502 984 1561 maiores
1009 1510 1079 1562 natu
1105 1504 1172 1562 satis
1191 1508 1231 1557 28.

99 1585 254 1662 quiessem
279 1591 309 1644 et
336 1584 368 1643 in
399 1583 626 1645 ambulationem
660 1593 781 1644 ventum
815 1595 891 1646 esset
922 1581 1074 1669 [dicebat],
1111 1596 1173 1648 tum

180 1855 294 1915 damma:
322 1853 348 1903 in
367 1855 412 1903 der
428 1852 589 1918 Reiheulolge
607 1854 671 1903 nach
689 1854 747 1916 ihm,
767 1855 789 1905 d.
808 1855 832 1903 h.
854 1852 895 1904 hir
915 1855 958 1904 das
977 1855 1039 1905 Jahr
1058 1859 1098 1908 89,
1139 1857 1176 1908 Er

107 1921 251 1973 hekleidcte
266 1923 327 1972 aher
346 1922 426 1973 dieses
444 1921 502 1971 Amt
521 1930 573 1973 erst
592 1923 626 1972 im
644 1923 665 1972 J.
686 1925 725 1974 88.
918 1983 920 1990 Ι

175 1995 347 2055 mapr'rtralum.
377 1990 431 2041 Scit
444 1993 497 2041 dom
512 1991 631 2041 Plehiscit
643 1993 686 2041 des
701 1991 800 2041 Atinius
823 1991 879 2053 (aus
899 1991 1081 2042 unbekanntem
1093 1995 1174 2058 Jahn),

105 2061 173 2110 uach
192 2061 310 2110 wolchem
330 2059 370 2110 dio
389 2059 584 2110 Volkstrihuncn
601 2060 626 2108 in
645 2060 692 2110 den
710 2061 788 2110 Senot
808 2060 947 2124 sinuatur,
976 2076 1030 2110 war
1055 2062 1098 2111 das
1116 2061 1175 2114 Tri-

102 2130 184 2179 bunat
202 2128 242 2178 ein
260 2133 424 2194 mapiotratm,
443 2131 535 2179 vorher
556 2145 602 2178 nur
621 2129 676 2179 eino
688 2139 802 2190 potestas,
820 2129 870 2193 vgl.
891 2129 948 2202 Liu.
968 2128 998 2180 ll.
1016 2133 1057 2193 56,
1082 2134 1119 2184 13.

173 2199 215 2250 26.
246 2201 331 2262 doque·
365 2197 397 2247 So
419 2197 485 2247 kann
501 2216 546 2262 que
563 2199 627 2247 auch
651 2213 683 2247 an
701 2199 792 2249 audere
815 2197 955 2264 ciusylhiga
975 2198 1174 2263 Prdpositioncn,

104 2267 158 2317 wie
175 2285 212 2328 m,
231 2277 286 2328 poet
302 2267 354 2316 und
374 2283 427 2316 cum
450 2267 592 2330 angeh'dngt
610 2268 724 2328 werdeu3
750 2268 842 2331 jedoeh
862 2267 991 2331 geschicht
1017 2267 1070 2318 dics
1089 2269 1177 2320 immor

101 2352 151 2386 nur
167 2335 258 2386 seiten.
295 2335 353 2398 vgl.
374 2337 416 2398 28,
441 2337 502 2386 126:
532 2340 604 2399 mque
621 2336 671 2384 und
691 2338 715 2401 6,
733 2339 779 2388 23:
808 2341 836 2387 in
850 2345 1019 2400 promptuque.

172 2408 299 2468 divinitus,
317 2404 373 2454 hier
393 2403 442 2454 wie
462 2407 504 2465 to,
523 2407 588 2457 202:
609 2404 687 2453 durch
707 2404 827 2468 gh'ttlichc
844 2403 998 2470 Eiugehung,
1019 2406 1066 2456 mit
1080 2408 1174 2457 chuen-

103 2474 159 2524 dem
178 2471 259 2535 Geist,
278 2479 349 2590 sonlpt
370 2472 539 2536 gewdhnlich:
566 2471 732 2537 maistcrhalt‚
752 2474 956 2538 ausgezeichnet3
981 2491 1009 2524 so
1028 2477 1042 2537 ἓ
1060 2479 1106 2539 283
1134 2479 1173 2539 11,

101 2543 296 2606 49353,2273
336 2544 425 2604 .2,1.

171 2613 296 2670 deplorata
321 2619 343 2662 et
371 2620 560 2661 commemorata:
591 2609 618 2660 in
646 2609 734 2661 triiher
762 2612 812 2661 und
839 2610 942 2674 ruhiger
968 2611 1106 2678 Stimmung
1133 2613 1175 2664 he-

99 2680 231 2730 srochcn.

61 2773 65 2779 ·
113 2697 128 2746 p
171 2751 303 2811 incidisset,
330 2761 375 2797 aus
393 2746 438 2796 der
454 2745 634 2797 Relationdes
656 2746 731 2797 Cotta
749 2749 910 2814 gesprochen,
936 2749 1046 2798 welchar
1064 2753 1176 2802 inciderit

101 2817 163 2868 odor
182 2820 299 2868 incideret
316 2821 405 2880 gesagt
422 2816 500 2865 hatte.
519 2827 521 2832 ·

170 2888 213 2938 27.
247 2889 432 2936 humanitatem:
447 2877 718 2947 hiebenswiirdigkeit,
736 2883 948 2935 Frcuudlichlcit.

170 2959 240 3018 lauti,
270 2953 322 3020 pie
345 2952 508 3017 regelm'tissig
532 2967 578 3002 vor
602 2953 648 3002 deu
668 2951 834 3015 Mahlzeiteu,
864 2952 916 3017 vgl.
938 2969 960 3018 p.
982 2953 1062 3004 Dciot.
1083 2959 1107 3016 7,
1126 2958 1173 3010 20:

99 3025 167 3082 outa
190 3027 267 3088 a'pitm
292 3039 377 3072 causae
399 3025 501 3086 copitart'
511 3031 589 3082 potest
607 3039 651 3072 mr
668 3031 690 3072 te
710 3026 782 3072 lotum
800 3026 917 3084 voluerit,
944 3033 1053 3074 cenatum
1070 3028 1174 3076 noluerit

96 3096 211 3144 comiato.
480 3093 486 3100 ’

172 3161 325 3212 inmodicas:
361 3156 564 3220 Gemiitlichhoit,
582 3157 719 3222 Frohsinn3
749 3157 1088 3224 vgl.deoff.1.34‚122:
1124 3166 1173 3213 Rc-

101 3235 188 3282 laaearc
206 3234 299 3280 animoa
316 3237 339 3279 ct
357 3231 415 3278 date
432 3244 456 3276 re
473 3231 626 3278 iucunditati.

172 3303 256 3349 curiae
268 3299 364 3362 juleae:
384 3297 428 3346 dor
448 3295 522 3345 Curio
540 3296 662 3359 angohtirt
679 3311 711 3345 zu
725 3295 817 3356 haben,
836 3296 859 3347 d.
873 3297 896 3348 h.
914 3295 940 3345 iu
956 3296 1025 3347 einer
1043 3298 1096 3348 dem
1108 3295 1173 3347 huf-

101 3368 205 3419 cnthalt
221 3367 247 3417 iu
265 3365 311 3416 dor
329 3363 402 3414 Curic
421 3364 631 3430 cntsprcehendeu
649 3364 737 3415 Weise
757 3365 992 3430 voriihergegaugcu
1012 3383 1043 3416 zu
1062 3365 1121 3419 scin.

169 3437 213 3488 28.
249 3438 445 3486 ambulationem:
483 3431 522 3482 dic
548 3431 629 3483 halle.
685 3432 789 3483 Solehcr
813 3434 861 3498 gab
887 3449 914 3485 es
939 3433 982 3484 oft*
999 3435 1111 3484 mehrcro
1141 3449 1172 3484 un

102 3505 173 3557 cincr
195 3503 265 3555 Villa
285 3519 340 3552 zum
358 3501 490 3552 Gehrauch
507 3500 533 3550 in
551 3501 597 3550 dcn
615 3502 810 3552 verschiedeuon
826 3502 1006 3554 Jahrcszoiteu.
1042 3502 1098 3565 Vgl.
1112 3500 1172 3552 Hor.

98 3574 143 3624 cd.
160 3573 191 3624 Π.
216 3575 256 3636 15,
278 3575 325 3624 13:
349 3574 457 3622 Pm'oatt'a
475 3574 524 3621 illia
541 3586 624 3620 census
641 3581 692 3622 crat
709 3573 793 3632 trech,
813 3574 939 3624 Commune
960 3588 1085 3636 mapnum3
1103 3575 1174 3622 nullo

100 3645 246 3705 decempedis
264 3643 357 3692 Malata
368 3642 474 3702 prmum
492 3655 588 3702 opacam
605 3641 715 3690 Porticus
732 3642 859 3702 excutiebat
877 3644 979 3692 Arcton.

169 3720 223 3762 tum
240 3711 310 3760 steht
323 3709 356 3758 im
369 3705 518 3769 Nachsatze‚
538 3721 580 3756 um
597 3709 790 3772 auszndriicken‚
813 3711 869 3759 dass
888 3709 941 3760 'mit
955 3709 998 3757 dor
1012 3706 1172 3772 Vollenduug

100 3780 148 3830 der
178 3777 395 3841 Nchenhandlnng
425 3777 470 3826 dor
502 3774 602 3840 Anfaug
637 3777 681 3827 der
711 3777 919 3843 Haupthandlung
953 3775 1170 3828 zusammonla'llt.’

100 3845 265 3900 Namantlich
287 3846 417 3911 geschieht
442 3845 494 3896 dics
512 3844 538 3894 in
556 3844 719 3895 historischen
736 3845 916 3910 Darstallung‚
948 3859 1020 3894 weun
1045 3847 1109 3896 nach
1127 3847 1172 3896 der

97 3916 207 3980 Augahc
235 3914 440 3966 vorheraitcnder
457 3912 590 3966 Umst'aindc
615 3914 648 3963 im
665 3913 792 3964 Nachsatz
816 3930 847 3963 zu
866 3915 910 3964 der
925 3912 1084 3980 Aeusserung
1102 3915 1173 3966 einer

99 3982 200 4036 Person
219 3983 408 4049 iihcrgcgaogen
423 3981 495 4033 wind.
528 3981 585 4046 Vgl.
605 3981 661 4033 Liv.
678 3981 773 4034 XXlll.
793 3985 833 4049 11,
850 3986 879 4034 4:
897 3986 963 4036 Ham
980 3986 1023 4036 uti
1039 4001 1069 4036 m
1082 3987 1172 4038 Graeco

493 4163 529 4199 'm

521 4213 531 4228 ff
