2756 4520
252 339 295 406 52
433 339 475 392 hu
493 339 656 406 ammoth,
673 341 718 392 lih.
739 339 781 390 ill.
801 356 855 406 cap.
876 343 914 394 19.
933 343 974 394 20.
993 345 1007 403 ξ
1026 343 1136 394 72-74.

253 497 400 570 omnihus,
415 494 583 576 philosophi
599 495 794 572 eloquentiam
811 495 1017 574 despexerunt,
1034 503 1167 558 oratores
1183 497 1314 575 sapienti·

252 601 317 656 am;
332 601 429 661 neque
446 582 605 660 quicquam
620 599 657 640 ex
670 581 787 642 alterius
801 589 882 659 parte
897 581 1063 660 tetigerunt,
1078 581 1134 642 uisi
1145 582 1229 661 quod
1239 583 1315 664 illiah

252 669 299 730 his
312 678 362 730 aut
384 668 419 727 ah
435 667 491 729 illis
507 665 539 726 hi
553 674 777 739 mutuarentur;
806 685 841 727 ex
865 684 925 745 quo
947 667 1095 745 promisce
1116 667 1276 740 haurirent,
1296 669 1317 729 si

198 753 418 815 remanerem
433 751 555 831 pristina
570 751 780 812 communione
794 752 972 824 voluisseut;
987 752 1039 812 sed
1055 760 1088 812 ut
1102 753 1256 830 pontifices
1270 773 1315 814 ve

251 847 328 900 teres
345 847 467 918 propter
482 833 692 898 sacrificiorum
708 837 925 898 multitudinem
942 837 994 898 tris
1006 838 1086 911 piros
1102 839 1247 916 epulones
1261 857 1316 899 esse

252 925 419 996 voluerunt,
436 941 503 984 cum
520 931 618 982 essent
631 923 688 1000 ipsi
703 941 720 982 a
735 923 840 999 Numa,
861 931 893 982 ut
907 922 992 982 etiam
1006 922 1076 982 illud
1091 923 1236 984 ludorum
1251 942 1311 1002 epu,-

209 1051 212 1065 s
251 1010 311 1070 lare
331 1009 509 1071 sacrificium
533 1009 670 1087 lacerent,
693 1008 826 1080 instituti,
852 1008 894 1067 sic
913 1007 1052 1068 Socratici
1074 1026 1090 1068 a
1113 1027 1145 1068 sc
1171 1027 1317 1070 causarum

252 1104 366 1156 actores
382 1105 411 1155 et
425 1093 814 1171 acommuniphilosophiae
828 1093 949 1153 nomine
961 1102 1181 1172 separaverunt,
1198 1113 1317 1155 eumve

252 1189 329 1242 teres
344 1178 459 1240 dicendi
476 1187 504 1238 et
517 1177 698 1257 intelligendi
712 1179 865 1239 mirificam
888 1180 1054 1239 societatem
1070 1197 1136 1240 esse
1151 1180 1315 1241 voluissent

137 1261 239 1326 2044.
339 1266 420 1338 Quae
438 1281 504 1323 oum
520 1263 559 1324 ita
574 1263 641 1335 sint,
660 1263 811 1342 paululum
828 1263 964 1341 equidem
983 1263 1019 1324 de
1034 1282 1083 1323 me
1097 1264 1278 1343 deprecabor
1293 1273 1316 1324 et

252 1358 350 1429 petam
366 1368 382 1410 a
397 1347 490 1421 rabie,
506 1357 539 1408 ut
553 1365 594 1420 ea,
610 1366 684 1427 quae
700 1349 803 1421 dicam,
819 1367 867 1408 me
881 1367 945 1409 nou
960 1349 996 1409 de
1008 1357 1117 1409 memet
1132 1350 1211 1427 ipso,
1226 1351 1274 1412 sed
1286 1351 1316 1409 de

254 1444 370 1495 oratore
386 1434 482 1494 dicere
498 1433 612 1512 putetis.
637 1433 698 1512 Ego
715 1433 794 1494 euim
810 1433 925 1501 sumis,
941 1435 992 1513 qui
1008 1452 1076 1493 cum
1091 1453 1214 1496 summo
1227 1436 1314 1496 studio

252 1521 342 1598 patris
358 1521 389 1583 in
404 1519 528 1598 pueritia
543 1518 752 1583 doctusessom
768 1527 796 1579 et
809 1519 839 1578 in
852 1522 951 1578 lorum
964 1519 1073 1597 ingenii
1088 1528 1215 1592 tautum,
1230 1539 1316 1598 quau-

253 1614 317 1666 tum
332 1605 396 1684 ipse
412 1604 516 1679 sentio,
533 1621 595 1662 non
608 1613 729 1676 tantum,
746 1611 888 1682 quantum
899 1605 979 1683 [ipse]
990 1605 1113 1665 forsitan
1123 1604 1317 1678 vohisridear,

254 1689 431 1762 detulissem,
439 1707 501 1748 uon
509 1689 621 1768 possim
630 1689 727 1749 didere
736 1707 783 1749 me
793 1689 870 1761 haec,
880 1707 954 1768 quae
964 1708 1043 1750 nunc
1052 1691 1244 1769 complector,
1257 1709 1317 1769 per-

250 1775 329 1848 inde,
352 1784 385 1836 ut
397 1775 491 1836 dicam
509 1773 646 1834 discenda
663 1775 895 1847 esse,didicisse;
912 1775 1021 1854 quippe
1037 1774 1087 1853 qui
1103 1777 1242 1856 omnium
1262 1795 1316 1836 ma·

251 1861 375 1924 turrime
390 1860 426 1924 ad
441 1859 573 1938 publicas
591 1878 693 1926 causas
709 1859 882 1922 accesserim
901 1878 1055 1939 annosque
1077 1870 1166 1922 natus
1191 1869 1318 1924 unumst

251 1947 353 2026 viginti
375 1944 592 2006 nobilissimum
609 1945 760 2005 homiuem
780 1954 809 2005 et
830 1944 1102 2023 eloquentissimum
1128 1945 1160 2006 in
1184 1947 1318 2008 iudicium

251 2032 397 2103 vocarim3
413 2031 461 2090 cui
478 2030 630 2108 disciplina
647 2031 737 2091 luerit
751 2033 860 2101 lorum,
876 2030 1013 2108 magister
1023 2049 1095 2090 usus
1104 2039 1133 2091 et
1145 2031 1228 2111 leges
1243 2033 1318 2092 etin-

251 2192 308 2233 auut
325 2185 418 2232 oratori
435 2197 488 2231 aum
507 2185 557 2231 tttta
575 2185 717 2244 commuuio,
740 2198 791 2231 uou
814 2191 912 2232 mutum
940 2186 969 2233 ab
993 2185 1060 2244 attin
1085 2186 1136 2246 aaa,
1163 2200 1228 2248 quae
1244 2187 1273 2235 de
1288 2187 1319 2234 lia

250 2255 321 2304 rebus
336 2254 469 2312 disputaret,
485 2259 610 2300 aratorum
630 2269 679 2303 ease
697 2254 832 2302 aauaadaat.

203 2379 206 2386 ⁴
338 2337 367 2370 ea
383 2336 429 2383 quo
455 2317 554 2370 hezieht
575 2318 630 2368 siah
653 2317 698 2370 aus
719 2319 760 2368 oin
786 2321 865 2368 durch
885 2317 931 2368 dan
950 2320 1176 2383 vorhcrgeheudcn
1195 2319 1258 2372 Satz
1277 2325 1322 2371 aiei

250 2392 317 2452 quod
329 2416 357 2422 —
368 2398 537 2439 mutuarentur
549 2388 727 2452 angadeutetas
744 2397 819 2440 totam
835 2405 918 2452 qeuaa,
937 2387 1008 2438 neml.
1021 2387 1066 2436 das
1081 2403 1126 2438 aus
1137 2389 1319 2455 dereloqaeatta

251 2456 302 2506 und
314 2458 469 2519 philosophia
485 2456 636 2506 besteheudc
657 2455 870 2520 Gesammtgehiet
889 2457 934 2506 der
953 2459 1082 2518 supientia.

336 2528 474 2577 tamarem:
494 2526 584 2575 hutten
604 2523 721 2591 schh'plen
737 2525 818 2576 sollcn
835 2526 875 2574 od.
893 2525 1000 2592 miisscu,
1017 2524 1067 2576 wie
1084 2523 1104 2575 Ι.
1123 2528 1166 2586 36,
1181 2529 1247 2581 tar:
1264 2529 1321 2592 quod

251 2610 305 2644 aum
321 2597 474 2657 inpetrasset,
494 2611 567 2644 eausa
583 2598 681 2644 auderet.

337 2666 377 2713 73.
395 2661 441 2712 Die
457 2667 573 2724 epulones,
596 2663 710 2712 walchen
728 2662 767 2712 dio
786 2663 929 2725 Resurguug
953 2663 998 2712 der
1016 2662 1062 2712 mit
1078 2663 1127 2712 dau
1146 2662 1252 2730 Spiolen
1271 2681 1320 2714 ver

250 2731 379 2782 bundcuau
398 2727 571 2780 Cdttermahle
594 2730 675 2795 ableg,
696 2731 801 2781 worden
820 2730 854 2779 im
873 2731 894 2779 l.
916 2733 964 2784 196
985 2747 1009 2781 v.
1030 2731 1088 2781 Chr.
1106 2731 1259 2798 eingesetzt

337 2817 464 2850 causarum
481 2810 577 2850 actores.
595 2799 646 2849 llas
666 2800 832 2864 gameiusame
851 2797 924 2848 Glicd
942 2800 977 2849 ist
993 2800 1049 2850 hier
1067 2815 1112 2850 aus
1125 2801 1321 2868 rhythmischem

252 2866 351 2918 Gruude
376 2868 459 2918 hintes
482 2888 498 2919 a
520 2886 545 2920 ee
567 2875 672 2932 gesctzt,
696 2884 738 2918 um
761 2867 826 2917 zwei
850 2867 933 2932 gleich
957 2869 1032 2932 lange
1056 2867 1146 2919 Thaile
1173 2873 1218 2921 des
1242 2871 1322 2921 Satzcs

251 2951 475 3122 Ξῃὴμῗὲνῗᾱὲἓᾷω.
494 3003 554 3054 Dies
574 3003 651 3054 Wort
669 3004 840 3122 dileutdh’aiplig
857 3005 1160 3127 pppnzubsspzeicllmrprg
1180 3007 1253 3058 eines
1269 3006 1321 3056 sehr

270 3087 333 3122 oeu
371 3089 398 3122 ra
417 3089 495 3123 es=
514 3090 632 3123 sammua·
652 3088 668 3120 v
698 3112 703 3122 .
728 3089 742 3122 a
795 3089 843 3124 am.
926 3111 932 3122 ,
987 3115 992 3134 ,
1032 3087 1038 3119 :
1087 3111 1092 3124 .
1135 3083 1232 3126 acceiae
1251 3092 1320 3134 meaa,

251 3145 318 3192 hamo
338 3147 442 3192 amulum
460 3087 755 3206 pratiaaimur,’ma5ifieas
773 3146 819 3194 titt
833 3147 901 3202 apud
915 3161 952 3194 me
966 3148 1059 3208 pretias
1077 3149 1140 3208 eain
1161 3146 1192 3196 de
1213 3147 1283 3194 deor.
1301 3158 1319 3190 n.

251 3209 270 3261 l.
290 3213 332 3272 26,
352 3212 399 3260 73:
418 3213 482 3260 laum
501 3214 656 3261 Plataurisum'
668 3211 846 3274 (Pamphilum)
864 3215 966 3273 mirifice
985 3216 1113 3262 coutemnit
1130 3217 1266 3276 Epicurus.

341 3275 394 3336 20.
414 3282 455 3331 tt.
472 3283 620 3340 deprecabor,
644 3279 704 3329 weil
729 3296 758 3330 cr
776 3279 856 3329 selbst
876 3281 1004 3345 dasjeuige
1026 3280 1096 3330 nicht
1119 3297 1151 3331 zu
1171 3282 1265 3333 leisten
1283 3296 1320 3332 er-

249 3347 328 3407 kl’airt,
353 3362 406 3397 was
430 3349 493 3397 uach
519 3347 602 3398 seiuer
625 3347 731 3399 Ausicht
748 3364 798 3397 von
822 3348 877 3398 dem
894 3351 1001 3400 wahren
1019 3349 1119 3400 Redner
1136 3366 1170 3402 zu
1188 3351 1319 3414 verlangan

250 3416 291 3469 ist.
310 3415 447 3480 Uchrigens
466 3417 516 3481 vgl.
536 3433 557 3466 z.
580 3419 603 3479 3,
621 3420 648 3468 9:
668 3421 840 3478 deprecaretur.

338 3489 484 3549 complector,
503 3486 525 3538 d.
545 3487 569 3534 h.
589 3485 717 3535 natiirlich
735 3486 813 3549 nithe,
832 3485 881 3535 wic
899 3485 1066 3550 gewhhulich,
1087 3490 1199 3552 achatio,
1215 3488 1316 3539 sordem

248 3559 381 3618 praereptas
397 3560 470 3616 meis;
486 3555 538 3618 vgl.
557 3556 571 3616 ξ
591 3557 630 3605 ts.

336 3628 446 3674 ommium
461 3627 610 3684 maturrime,
630 3623 680 3686 vgl.
697 3620 717 3672 l.
726 3639 727 3644 ¹
737 3623 776 3684 17,
799 3623 844 3674 l8:
866 3623 932 3680 oasa
941 3628 1013 3673 em'm
1025 3639 1069 3673 uas
1084 3634 1129 3675 aut
1141 3628 1272 3677 arcuimus
1281 3629 1319 3672 aut

250 3695 312 3742 aaa'ra
327 3696 471 3754 potuimus?
491 3695 537 3758 qui
553 3701 609 3742 aute
626 3693 660 3741 ud
677 3695 793 3755 arandum
812 3708 884 3756 quam
902 3696 935 3742 ad
951 3696 1138 3757 eaquoseeudum
1154 3701 1265 3746 cemimus
1281 3699 1315 3738 att·

336 3765 511 3812 nobilissimam
535 3763 661 3822 homiuem,
689 3759 736 3809 den
760 3759 787 3811 C.
812 3758 926 3826 Papirius
954 3760 1044 3827 Carbo,
1068 3759 1141 3815 Cous.
1166 3763 1193 3812 iu
1219 3763 1240 3814 J.
1267 3757 1315 3812 120,

251 3828 364 3878 walchan
375 3829 478 3879 Crassus
491 3845 538 3878 vor
551 3827 655 3878 Gorioht
669 3843 724 3893 cog,
738 3827 798 3878 weil
809 3842 837 3878 er
846 3829 893 3877 deu
905 3827 933 3878 L.
948 3827 1059 3894 Opimius
1074 3831 1233 3895 verthcidigt
1244 3831 1315 3878 haur.

252 3894 291 3946 als
309 3896 391 3947 dieser
410 3913 459 3947 von
477 3897 504 3948 P.
527 3897 616 3946 Decius
644 3910 730 3960 wagan
759 3897 804 3945 der
825 3896 982 3962 Ermordung
1007 3899 1049 3948 des
1074 3899 1102 3950 C.
1128 3897 1259 3951 Gracchus
1276 3910 1314 3944 cu·

252 3963 359 4028 gellagt
375 3980 438 4016 war.
462 3965 544 4018 Ucber
562 3966 608 4015 den
627 3963 767 4015 Charakter
784 3965 868 4015 sciucr
886 3965 1072 4017 Bercdsamkcit
1088 3968 1141 4032 vgl.
1160 3973 1185 4036 7,
1203 3971 1245 4022 28.

338 4043 360 4084 at
378 4039 437 4100 tepea
454 4045 496 4086 aet.
514 4033 660 4084 arliiuternd
678 4049 708 4082 zu
720 4051 779 4084 aeus
796 4032 969 4101 hiuzugcliigt,
989 4037 1106 4086 stattdcs
1116 4035 1179 4088 Gen.
1194 4044 1270 4106 Ιῳιιη
1277 4039 1313 4082 ael·
