2756 4520
199 277 241 342 76
403 277 444 328 nn
464 275 627 342 oneroso,
646 278 690 329 m.
710 277 751 332 m.
770 295 822 346 cap.
837 281 878 332 eo.
897 282 911 343 s
928 281 1069 332 115-117.

199 434 245 506 sit,
260 442 293 495 ut
304 433 329 494 si
342 433 516 494 disseratur:
526 433 596 494 idne
610 434 648 496 sit
660 434 716 507 ius,
729 436 809 513 quod
821 435 964 496 maximae
978 435 1054 514 parti
1068 435 1105 496 sit
1113 435 1202 509 utile3
1217 445 1282 509 aut,

201 538 269 580 cum
289 519 361 596 quid
381 519 525 597 cuiusque
540 519 577 580 sit
593 521 749 598 proprium
771 520 951 599 exquiritur,
972 530 1021 581 ut:
1049 529 1152 582 ornate
1178 521 1281 582 dicere

200 605 395 684 propriumne
412 603 449 664 sit
464 606 588 666 oratoris
604 623 641 665 an
657 605 687 666 id
702 605 787 666 etiam
802 605 905 684 aliquis
922 613 1071 685 praeterea
1085 607 1190 684 possit,
1217 618 1280 679 aut,

200 709 269 750 cum
286 708 332 750 res
349 688 532 750 distribuitur
546 690 577 750 in
592 690 693 768 partis,
708 699 749 763 ut,
766 691 791 751 si
805 699 978 770 quaeratur:
1001 700 1074 769 quot
1089 692 1149 752 sint
1168 711 1279 770 genera

199 793 302 836 rerum
317 774 560 853 expetendarum,
582 784 631 836 ut:
654 776 752 836 sintne
767 775 835 848 tria,
858 777 1008 855 corporis,
1027 777 1118 836 animi
1136 786 1278 838 externa-

200 878 328 938 rumque
348 878 462 936 rerum,
487 868 550 934 aut,
575 879 662 934 cum,
686 879 760 939 quae
782 864 878 922 forma
900 871 928 922 et
949 862 1033 939 quasi
1047 863 1190 923 naturalis
1206 871 1279 924 nota

201 947 345 1023 cuiusque
362 947 411 1018 sit,
428 944 617 1022 describitur,
634 953 667 1006 ut
677 947 702 1006 si
717 956 874 1024 quaeratur
890 947 969 1008 avari
988 946 1117 1026 species,
1135 947 1278 1020 seditiosi,

130 1047 188 1100 116,
203 1031 331 1111 gloriosi.
375 1031 597 1092 Consecutionis
618 1041 716 1092 autem
737 1032 797 1092 duo
820 1033 916 1111 prima
939 1032 1146 1110 quaestionum
1167 1051 1277 1112 genera

201 1127 365 1196 ponuntur.
399 1117 472 1176 Nam
490 1125 540 1177 aut
555 1117 680 1195 simplex
694 1126 738 1178 est
753 1117 930 1196 disceptatio,
945 1126 978 1178 ut
996 1118 1021 1178 si
1036 1118 1207 1191 disseratur,
1223 1137 1277 1178 ex-

147 1234 150 1247 ·
201 1202 365 1280 petendaue
381 1202 418 1261 sit
430 1200 528 1278 gloria,
544 1211 593 1262 aut
608 1221 643 1262 ex
660 1203 893 1282 comparatione:
916 1203 979 1263 laus
996 1220 1033 1262 au
1048 1203 1165 1264 divitiae
1182 1205 1275 1282 magis

202 1284 381 1365 expetendae
397 1286 463 1346 sint.
494 1286 677 1366 Simplicium
699 1296 796 1349 autem
811 1295 881 1349 sunt
893 1296 953 1348 tres
968 1287 1062 1348 modi:
1079 1289 1115 1348 de
1132 1297 1274 1368 expetes·

202 1373 247 1432 dis
263 1370 446 1449 fugiendisve
463 1371 562 1451 rebus,
577 1382 625 1433 ut:
640 1373 834 1452 expetendine
842 1374 973 1434 honores
982 1374 1049 1450 siut,
1065 1391 1140 1433 num
1157 1375 1274 1452 fugien-

188 1457 239 1517 da
254 1465 429 1534 paupertas3
445 1455 481 1516 de
496 1475 589 1536 aequo
605 1466 655 1518 aut
668 1458 781 1536 iniquo,
808 1467 856 1520 ut:
878 1476 1046 1537 aequumne
1061 1458 1099 1520 sit
1110 1459 1212 1520 ulcisci
1226 1460 1274 1519 in-

201 1541 292 1603 iurias
307 1541 391 1601 etiam
411 1542 667 1622 propinquorum3
694 1543 730 1604 de
745 1545 870 1606 honesto
885 1553 935 1604 aut
953 1544 1040 1624 turpi,
1055 1553 1088 1604 ut
1103 1543 1179 1604 hoc:
1202 1544 1275 1604 sitne

131 1627 189 1677 117.
202 1627 362 1686 honestum
379 1626 486 1705 gloriae
503 1647 589 1689 causa
608 1637 733 1690 mortem
744 1629 834 1693 obire.
849 1629 1083 1709 Comparationis
1100 1637 1199 1690 autem
1215 1631 1273 1690 duo

203 1720 273 1773 sunt
293 1711 391 1771 modi:
418 1731 511 1792 unus,
530 1731 599 1774 cum
620 1714 738 1775 idemne
756 1715 844 1776 sitan
860 1714 969 1793 aliquid
984 1714 1099 1775 intersit
1115 1715 1273 1794 quaeritur,

202 1807 235 1858 ut
250 1805 380 1858 metuere
395 1806 424 1858 et
434 1799 538 1870 vereri,
555 1805 587 1858 ut
599 1817 652 1858 rex
671 1807 860 1880 ettyrannuS,
877 1809 909 1860 ut
923 1801 1090 1861 adsentator
1106 1812 1135 1860 et
1149 1802 1273 1870 amicus;

202 1883 288 1955 alter,
311 1901 378 1942 cum
395 1883 465 1961 quid
480 1892 607 1963 praestet
623 1884 699 1944 aliud
715 1885 762 1945 alii
779 1885 944 1963 quaeritur,
969 1886 1100 1947 utillud:
1133 1886 1271 1964 optimine

202 1969 346 2046 cuiusque
360 1969 504 2046 sapientes
519 1987 556 2029 an
571 1970 706 2048 populari
720 1970 805 2032 laude
820 1971 973 2031 ducantur.
1016 1973 1113 2049 Atque
1136 1990 1187 2031 eae
1208 1971 1271 2050 qui·

207 2088 320 2096 ...a-...m—
323 2087 411 2096 -o-

201 2154 273 2208 wind.
309 2155 366 2219 Vgt
384 2153 445 2221 top.
464 2157 505 2214 22,
525 2156 571 2207 83:
591 2159 648 2205 Oeen
669 2163 750 2206 eutem
768 2158 829 2220 quid
843 2159 876 2208 eit
893 2161 1027 2222 quaeritur,
1049 2161 1114 2207 notio
1135 2159 1269 2218 explicando

200 2233 234 2275 eet
252 2234 274 2276 et
289 2229 424 2287 proprietas
442 2233 465 2275 et
481 2227 566 2275 divitie
582 2234 604 2274 et
615 2227 737 2285 partium·
764 2227 820 2275 haee
838 2231 900 2277 em'm
918 2236 976 2276 suut
992 2228 1130 2288 deflrre'te'our'
1143 2227 1269 2281 attribuas

201 2297 299 2344 additur
316 2297 387 2344 etium
405 2296 539 2354 desuetudo,
558 2309 631 2356 quum
645 2295 806 2362 χαρακτῆρα
825 2295 913 2346 Graece·
929 2304 1021 2345 uocant.
1057 2298 1131 2346 Notio
1150 2298 1184 2344 eie
1202 2308 1267 2358 quae·

201 2367 284 2414 rr'tur:
301 2367 362 2413 edua
378 2365 407 2412 e'd
424 2377 534 2426 aequum,
554 2364 619 2425 qued
634 2365 664 2423 α’,
685 2365 730 2425 qur·
742 2366 801 2423 plue
815 2372 907 2429 potest,
926 2367 984 2414 urile
1001 2371 1050 2423 eet,·
1069 2367 1206 2424 proptereat
1223 2367 1267 2411 ru:

200 2437 227 2482 iu
244 2434 394 2481 hominemne
409 2434 485 2480 selum
502 2433 571 2480 eadat
587 2446 620 2480 αα
638 2434 707 2480 etiem
725 2435 752 2480 e'u
779 2433 857 2483 beluus
882 2435 1024 2498 werimum
1051 2434 1138 2483 uiuere
1157 2440 1180 2482 et
1196 2434 1264 2482 eedem

196 2509 266 2562 pauo
283 2504 394 2561 pertitio:
419 2503 498 2550 trione
514 2515 602 2564 peueru
627 2501 742 2548 bonorum
764 2503 829 2560 arum
857 2503 997 2564 desumpto,
1023 2504 1104 2564 quatis
1129 2506 1161 2551 eit
1179 2515 1266 2556 acures,

200 2571 279 2635 quulr'a
295 2570 328 2618 eit
344 2571 496 2631 udaeuearor,
517 2578 637 2632 ceteraque
658 2572 760 2618 eiusdem
782 2573 888 2634 penerel,
912 2575 940 2620 r'u
963 2572 1050 2634 quidue
1071 2579 1162 2621 nature
1182 2579 1203 2620 et
1220 2571 1262 2617 etta

200 2640 349 2690 excutitur.
610 2637 617 2663 ‘

268 2710 386 2758 murimae
399 2707 470 2766 perti
487 2709 527 2766 eit,
548 2705 571 2753 d.
590 2704 614 2753 h.
633 2703 671 2753 als
689 2709 747 2755 utute
765 2705 902 2756 erscheine.

268 2779 383 2837 eorporis,
400 2777 478 2823 aue'mr'
493 2783 694 2837 externarumque
710 2790 800 2835 rerum,
820 2773 869 2823 wie
884 2773 924 2824 die
935 2771 1122 2841 Peripatetiker
1134 2773 1260 2824 aunchmen

201 2843 246 2908 (sie
267 2843 369 2894 stollten
390 2842 451 2892 aber
469 2841 508 2892 die
522 2839 601 2891 Giiter
621 2841 664 2890 des
675 2840 773 2892 Geistes
789 2842 877 2892 immor
896 2844 943 2892 den
961 2842 1065 2906 iibrigcn
1083 2841 1185 2908 vorax),
1201 2841 1264 2890 wth-

201 2912 263 2962 rend
283 2912 322 2962 die
341 2910 442 2961 Stoilxer
461 2927 507 2960 nur
525 2909 565 2960 ein
582 2907 633 2960 Gut
651 2910 693 2960 des
713 2909 812 2963 Geistes
831 2912 970 2962 annahmen
990 2911 1041 2976 (dic
1059 2911 1195 2976 repectu).

267 2983 381 3045 plorimi:
398 2980 441 3028 des
460 2977 652 3042 Ruhmredigen,
670 2977 890 3043 wiet.43,193=
904 2991 1049 3042 praepotens
1066 2985 1114 3031 r'etu
1133 2991 1156 3032 et
1171 2981 1266 3046 pumera

195 3051 358 3110 philosophia.
519 3101 531 3112 A

273 3119 330 3169 116.
351 3118 534 3168 Oeureeutr'eur'r.
568 3114 621 3166 Fiir
640 3113 725 3166 diesen
743 3113 876 3168 Ausdruck
900 3117 968 3166 stelit
989 3115 1051 3184 Top.
1070 3119 1120 3182 21,
1140 3119 1185 3171 82:
1209 3115 1263 3165 r'uu'e

200 3197 223 3238 et
240 3189 347 3237 iniuriae
366 3187 502 3246 distinctio,
524 3185 644 3234 wodurclr
670 3184 710 3234 die
728 3183 811 3249 Frage
838 3187 901 3236 cuch
921 3186 975 3235 dem
993 3189 1064 3250 quale
1084 3183 1193 3236 insolam
1216 3187 1263 3232 ent-

201 3255 319 3306 schleden
337 3253 410 3316 wird,
432 3254 469 3304 els
490 3268 547 3302 man
567 3253 644 3303 durch
665 3253 732 3304 disse
747 3257 868 3306 dictinctio
886 3254 1021 3317 bestimmt,
1042 3269 1095 3305 was
1114 3254 1184 3320 einep
1195 3251 1264 3302 Sache

200 3325 281 3376 ihrem
294 3324 390 3376 Wesen
409 3323 472 3372 ccclx
490 3321 598 3386 gebiihrt
619 3323 679 3372 oder
697 3323 892 3386 zugeschriclren
911 3323 1013 3373 werden
1031 3322 1096 3375 dari.
1116 3322 1151 3374 lm
1166 3320 1263 3383 Ubrigeu

200 3393 295 3444 stimmt
314 3393 354 3444 die
371 3391 534 3454 Darstallung
549 3389 576 3441 in
594 3391 637 3440 der
655 3389 715 3457 Top.
737 3391 782 3440 mit
795 3392 840 3442 der
857 3392 912 3442 hier
931 3392 1075 3456 gegebenen
1093 3391 1200 3443 iibereic.
1224 3386 1262 3436 uie

200 3463 292 3513 aweite
313 3459 500 3512 Parallelstclle
525 3460 587 3510 iiber
608 3459 677 3510 diese
698 3474 776 3524 ganza
800 3459 966 3523 Einthcilung
989 3461 1034 3510 der
1054 3465 1161 3526 quaestio
1178 3460 1263 3522 testata

202 3532 270 3582 steht
288 3538 355 3597 pert.
378 3545 414 3582 or.
436 3545 459 3583 c.
480 3529 553 3593 asu„
568 3529 603 3579 ist
622 3528 683 3579 abor
701 3528 726 3577 in
747 3529 877 3580 mehrereo
895 3528 1010 3579 Punkten
1029 3530 1175 3594 nbgekiirzt.

269 3604 315 3650 due
327 3604 411 3663 primu
427 3613 530 3664 peueru:
555 3596 621 3648 zwei
638 3595 838 3662 Hacptlxlassen,
866 3598 916 3648 wie
935 3596 966 3648 11.
985 3599 1032 3662 10,
1051 3601 1102 3651 41:
1129 3601 1175 3649 due
1191 3597 1262 3659 priua

200 3684 287 3732 uertere
304 3673 469 3733 quaestionum
485 3684 534 3718 eree
555 3693 597 3729 -‚
616 3683 692 3716 uuum
710 3669 842 3731 infinitum,
859 3671 961 3718 alterum
979 3675 1085 3728 eertum
1102 3665 1163 3734 Top.
1182 3669 1203 3726 5,
1221 3663 1263 3714 26:

201 3739 368 3800 defluitr'euum
387 3747 465 3788 autem
484 3740 531 3786 due
549 3744 606 3785 sumt
620 3751 709 3799 uerrere
718 3739 810 3796 primu.
836 3735 864 3785 ln
884 3735 967 3786 dieser
985 3735 1132 3800 Bedeutung
1148 3733 1209 3784 wird
1222 3743 1261 3778 ne·

201 3802 321 3855 mentliclx
340 3803 378 3854 oft
389 3808 488 3868 primus
507 3807 575 3856 hemo
591 3823 625 3843 =
641 3806 777 3864 premamus
794 3803 943 3868 gebraucht.

272 3876 328 3926 117.
346 3877 406 3937 quid
418 3881 533 3936 praestet,
553 3870 602 3921 wie
623 3868 642 3920 l.
663 3873 704 3932 28,
729 3875 790 3925 126:
815 3875 886 3923 Illud
906 3871 1188 3935 tidiudeentr'er;el1ds.
1207 3866 1257 3920 ttt:

199 3945 227 3994 iu
247 3959 295 4007 que
313 3945 408 4006 aliquid
425 3945 559 4005 offenderis,
576 3956 600 3989 u.
620 3941 643 3989 δ.
669 3952 679 3995 s
