2814 4526
358 329 400 382 1111
420 329 583 394 unhroch,
602 331 647 383 lib.
667 330 700 383 lI.
721 347 775 398 cap.
796 333 819 384 9.
840 329 911 397 §aa
923 333 964 384 38.
1153 330 1196 397 29

119 489 179 570 qui
208 487 331 548 aliarum
351 487 457 548 artium
480 487 555 547 bene
575 487 665 547 locuti
685 497 766 560 sunt,
796 506 831 548 eo
860 488 959 548 minus
986 487 1017 547 id
1043 494 1087 548 est
1107 486 1196 549 huius
1220 541 1221 548 ,

123 574 216 634 unius
239 573 410 652 proprium3
439 573 491 632 sed
519 581 554 633 ut
574 581 673 634 orator
694 573 730 632 de
751 573 786 633 iis
808 571 913 646 rebus,
935 589 1009 650 quac
1032 581 1195 635 ceterarum

123 659 234 720 artium
256 665 341 734 sunt,
371 657 396 718 si
425 658 515 718 modo
538 676 586 720 eas
608 658 757 736 cognovit,
786 667 819 718 ut
844 657 907 718 heri
928 659 1050 719 Crassus
1074 657 1194 732 dicebat,

120 745 236 822 optime
258 750 355 822 potest
376 743 489 816 dicere,
521 743 563 803 sic
590 751 752 804 ceterarum
777 744 882 803 artium
904 743 1042 804 homines
1064 744 1194 808 ornatius

119 830 171 890 illa
194 847 248 889 sua
270 828 379 901 dicunt,
407 828 431 888 si
455 828 525 906 quid
548 827 583 888 ab
607 828 661 888 hac
683 836 743 888 arte
767 828 940 888 didicerunt.
986 829 1088 906 Neque
1115 827 1255 889 111111138-
1336 825 1363 860 ³

122 915 149 976 si
181 915 219 974 de
251 913 367 974 rusticis
394 911 484 974 rebus
511 913 634 991 agricola
663 913 808 992 quispiam
844 922 894 975 aut
922 914 1023 986 etiam,
1055 914 1084 974 id
1113 914 1194 993 quod

124 1000 241 1072 multi,·
254 999 385 1058 medicus
413 997 449 1058 dc
475 998 587 1058 morbis
614 1005 664 1058 aut
691 999 716 1059 si
746 1000 781 1060 de
805 999 955 1078 pingendo
974 999 1069 1077 pictor
1090 999 1194 1077 aliquis

123 1085 236 1145 diserte
266 1083 416 1162 scripserit
440 1090 491 1143 aut
517 1083 637 1156 dixerit,
669 1084 779 1144 idcirco
801 1084 877 1144 illius
904 1085 973 1144 artis
995 1085 1122 1162 putanda
1151 1093 1196 1146 est

120 1169 310 1250 eloquentia3
332 1169 363 1228 in
386 1187 452 1246 qua,
478 1170 547 1247 quia
570 1169 614 1229 vis
639 1187 741 1248 magna
765 1177 809 1230 est
830 1170 861 1230 in
883 1170 1038 1230 hominum
1060 1170 1194 1249 ingeniis,

122 1274 158 1315 eo
185 1255 271 1315 multi
300 1254 385 1314 etiam
414 1254 476 1314 sine
505 1254 636 1315 doctrina
658 1255 764 1332 aliquid
787 1254 920 1315 omnium
944 1272 1086 1335 generum
1108 1263 1195 1333 atque

124 1341 234 1402 artium
258 1347 500 1417 consequuntur3
526 1339 595 1415 sed,
626 1339 697 1418 quid
721 1340 863 1418 cuiusque
886 1341 923 1401 sit
943 1340 1113 1418 proprium,
1142 1340 1195 1400 etsi

124 1445 159 1487 ex
183 1443 219 1486 eo
240 1423 363 1484 iudicari
383 1433 488 1502 potest,
507 1443 573 1485 cum
591 1424 706 1497 videris,
726 1425 797 1502 quid
821 1443 953 1503 quaeque
969 1425 1078 1498 doceat,
1097 1434 1195 1486 tamen

122 1512 182 1571 hoc
211 1510 318 1570 certius
341 1527 404 1569 esse
430 1509 502 1569 nihil
523 1518 633 1587 potest,
660 1528 749 1589 quam
777 1508 857 1588 quod
887 1528 991 1570 omnes
1021 1520 1097 1571 artes
1126 1511 1195 1571 aliae

124 1597 191 1657 sine
222 1595 387 1673 eloquentia
415 1613 504 1655 suum
527 1613 636 1654 munus
668 1605 815 1673 praestare
842 1603 983 1673 possunt,
1012 1603 1111 1656 orator
1131 1593 1194 1657 sine

125 1701 159 1742 ea
185 1699 296 1740 nomen
320 1679 451 1740 obtinere
474 1698 560 1739 suum
577 1697 638 1739 non
660 1686 770 1757 potest;
789 1689 827 1740 ut
848 1678 945 1752 ceteri,
969 1680 992 1741 si
1010 1681 1109 1742 diserti
1128 1681 1194 1754 sint,

123 1766 236 1845 aliquid
264 1763 299 1825 ab
329 1765 386 1825 hoc
412 1764 552 1837 habeant,
585 1765 647 1836 hic,
683 1765 739 1824 nisi
768 1765 936 1826 domesticis
965 1783 997 1826 se
1025 1766 1196 1827 instruxerit

120 1851 229 1931 copiis,
254 1851 371 1910 aliunde
392 1849 507 1910 dicendi
529 1851 642 1928 copiam
666 1858 765 1928 petere
785 1869 846 1910 non
869 1850 970 1928 possit.

191 2023 256 2072 lteri:
277 2018 295 2068 l.
318 2021 357 2082 14,
374 2021 407 2071 62
429 2019 453 2069 ff.

195 2091 237 2141 38.
264 2105 341 2152 neque
356 2092 419 2138 enim
433 2098 473 2139 eet.
495 2087 633 2151 begriindet
650 2088 696 2137 den
715 2086 775 2138 Sata
788 2091 817 2138 id
831 2099 864 2138 eat
881 2091 953 2138 huius
970 2093 1043 2139 unius
1057 2091 1194 2150 proprium.

193 2163 223 2209 id
244 2160 311 2222 quod
330 2161 411 2220 multi,
436 2175 466 2208 ac.
489 2160 605 2212 fecerunt.
650 2156 723 2206 Diese
753 2156 907 2221 Auslassung
939 2173 989 2207 von
1012 2158 1097 2220 secere
1119 2155 1195 2206 findet

120 2228 179 2280 sich
208 2226 339 2276 hisweileu
369 2227 433 2276 auch
461 2225 486 2274 in
510 2224 696 2286 Nebeusiitzen‚
729 2226 824 2276 welche
856 2224 895 2276 ein
921 2225 1027 2292 Beispiel
1055 2222 1194 2287 eiuliihren,

120 2298 174 2348 wic
193 2296 223 2345 de
245 2295 294 2344 div.
313 2293 331 2344 1.
350 2296 392 2359 33,
413 2297 458 2346 72:
482 2299 531 2345 alu
557 2304 634 2345 auten
658 2297 737 2344 subito
764 2313 793 2346 ee
815 2305 946 2358 torporem
963 2299 1097 2346 coniectura
1118 2299 1195 2356 expli-

123 2376 222 2425 uantur,
240 2373 268 2414 ut
285 2367 351 2425 apud
369 2367 501 2414 Homerum
521 2367 631 2425 Ueledae,
655 2367 699 2427 qui
719 2381 749 2414 ee
761 2380 889 2424 paeonum
905 2381 1004 2414 numero
1022 2366 1077 2414 betti
1096 2365 1198 2414 thamni

120 2451 204 2486 annea
223 2442 360 2498 accuratur
386 2443 426 2484 cet.
452 2432 537 2481 ¹rinch
555 2436 618 2495 fleri
639 2432 702 2480 wird
722 2432 882 2496 nusgelussen
900 2432 924 2481 in
943 2431 1126 2495 Ncbenslitzen,
1145 2431 1194 2481 wie

124 2503 201 2554 Tusa,
219 2502 282 2566 disp.
301 2499 318 2552 1.
337 2504 377 2562 11,
397 2503 442 2553 23:
459 2506 483 2550 si
496 2511 585 2562 possen
603 2501 672 2551 ebds.
695 2503 735 2563 31,
754 2499 863 2564 7731v.
887 2504 925 2564 18,
944 2505 985 2554 41.

194 2575 302 2621 emnium
318 2587 431 2635 coneum
445 2585 491 2619 von
504 2573 576 2620 multi
592 2569 726 2632 uhhiingig,
750 2568 798 2619 wie
816 2569 879 2619 oben
897 2565 1012 2634 §37:124
1029 2573 1195 2634 quietiorem

117 2644 221 2694 andum.

197 2717 386 2771 consequuntur:
413 2705 512 2768 leisten,
538 2706 586 2756 wie
610 2706 639 2756 de
659 2706 714 2771 imp.
734 2705 776 2754 Cn.
797 2704 880 2772 Pomp.
901 2709 923 2768 1,
945 2709 973 2758 2:
994 2705 1196 2772 1ἰῇᾳαίᾰὺιῶ-

123 2782 198 2830 mdo
211 2781 324 2840 consequi
336 2793 448 2837 possum,
466 2776 558 2825 ehenso
575 2774 608 2823 im
625 2774 645 2824 F
648 2775 768 2838 olgeoden
782 2785 915 2837 muctare.

198 2851 244 2897 etei
258 2863 287 2895 ee
303 2863 329 2895 eo
346 2855 386 2896 oet.
422 2844 472 2894 ller
491 2843 706 2906 Zusammenhang
723 2843 758 2893 ist
776 2858 824 2892 von
844 2839 861 2908 ᾖ
882 2844 914 2896 36
932 2858 978 2892 an:
1012 2841 1046 2893 lls
1064 2842 1119 2907 gibt
1139 2842 1197 2894 kein

125 2915 212 2978 Fach,
236 2913 344 2964 welches
369 2914 412 2962 das
432 2923 516 2964 ornate
530 2917 682 2976 qraviterque
700 2916 777 2963 decere
794 2910 890 2971 lehrte,
913 2927 1001 2963 ausser
1018 2913 1072 2961 dem
1092 2913 1137 2962 der
1153 2913 1198 2962 Be·

124 2983 289 3035 redsnmkeit.
329 2979 420 3031 1111111
444 2981 498 3031 sich
522 2982 575 3031 also
599 2982 643 3031 das
663 2983 719 3031 bene
742 2985 819 3031 diem
841 2980 881 3030 bei
899 2981 954 3030 dem
972 2981 1106 3031 Vertreter
1129 2980 1197 3030 eines

123 3054 239 3103 anderen
250 3050 375 3113 Gebietes,
392 3067 420 3100 so
438 3051 472 3099 ist
490 3065 516 3100 es
535 3065 581 3100 uur
596 3049 636 3100 ein
649 3049 771 3100 Accidens
789 3050 831 3099 des
848 3050 970 3100 letzteren
989 3050 1040 3099 und
1058 3066 1107 3099 von
1124 3048 1198 3112 jener

125 3120 252 3172 entlehnt.
287 3118 355 3169 Alter
374 3117 489 3182 obgleich
507 3119 551 3172 dos
571 3118 664 3169 Wesen
688 3119 732 3168 aler
750 3117 937 3169 Beredsamkeit
955 3133 999 3168 aus
1020 3119 1099 3168 ihrem
1117 3117 1197 3168 Lehr-

125 3191 212 3240 inhalt
237 3188 344 3238 erhannt
359 3188 460 3237 werden
480 3187 558 3250 kann,
585 3202 613 3237 so
637 3186 701 3251 liegt
727 3187 791 3236 doch
814 3187 854 3237 ein
881 3187 944 3236 noch
968 3188 1198 3250 iiherzengenderes

126 3260 268 3324 Argument
285 3257 310 3305 in
328 3257 383 3306 dem
403 3255 545 3318 Umstande,
564 3256 620 3305 dass
640 3256 694 3305 dem
713 3255 811 3306 llednar
828 3255 882 3307 sein
901 3255 979 3306 Nemo
1000 3256 1078 3307 selbst
1095 3255 1135 3306 die
1150 3257 1197 3304 Be-

127 3326 283 3379 redsamkeit
307 3325 345 3375 nls
369 3326 413 3375 das
431 3325 482 3374 ihm
504 3323 712 3390 cigenthiimliche
732 3323 822 3374 Gebiet
840 3325 961 3386 nuweist,
985 3325 1106 3374 wdhrend
1125 3323 1198 3386 jeder

127 3398 222 3447 andere
239 3392 316 3444 Berul
337 3395 414 3444 durch
431 3394 499 3444 scine
517 3393 688 3457 Bezeiehnung
707 3391 752 3443 auf
772 3392 844 3444 einen
863 3395 971 3445 anderen
989 3392 1198 3456 Wirkungskreis

127 3463 300 3530 hingewiesen
319 3461 392 3515 wird.
423 3461 456 3512 Es
474 3462 509 3511 ist
526 3462 581 3512 also
600 3462 654 3512 dem
664 3461 812 3512 Lehrinhnlt
831 3461 868 3512 als
887 3460 1137 3513 zweitesliriterium
1155 3461 1199 3510 der

128 3533 207 3586 Nnme
227 3531 383 3582 schluchthin
404 3531 656 3595 gegeniihergestellt.

199 3607 302 3652 certine:
327 3599 541 3664 iiberzeugendcr,
566 3599 781 3661 einleuchtender,
806 3599 855 3650 wie
879 3615 903 3665 p.
922 3597 995 3649 flosc.
1016 3597 1069 3646 Am·
1095 3599 1134 3654 19,
1154 3599 1198 3648 52:

126 3674 196 3734 mad,
224 3675 289 3734 quod
313 3672 444 3732 ecepimus,
471 3671 607 3730 videamur,
635 3684 682 3732 quo
714 3672 800 3718 certine
831 3677 997 3734 oruamentum
1024 3669 1075 3716 odit
1096 3669 1202 3728 reperiri

129 3744 197 3792 nullo
213 3743 282 3789 mode
297 3747 377 3798 potest.

197 3807 247 3858 Iler
264 3806 322 3856 Abl.
344 3821 421 3872 comp.
447 3809 489 3857 hoo
506 3803 539 3855 ist
557 3805 725 3870 pleonastisch
747 3810 850 3868 gesetzt,
876 3804 925 3854 wie
944 3801 963 3856 1.
984 3805 1025 3866 at,
1048 3805 1109 3855 169:
1135 3805 1202 3860 Quid

126 3893 184 3942 erqo
201 3879 319 3939 densiori
334 3879 431 3937 turpius
450 3885 493 3926 cut
513 3877 561 3924 dici
574 3884 658 3936 potest,
678 3877 860 3938 quam-hunc
878 3877 905 3923 in
921 3875 1028 3924 minimis
1046 3875 1117 3923 rebus
1136 3876 1198 3935 labi,

44 3941 47 3948 '
127 3943 159 3999 11.
179 3948 219 4009 14,
238 3947 301 4006 302;
321 3944 351 3995 de
372 3944 412 3994 fin.
433 3940 450 3992 1.
470 3947 494 4006 6,
517 3945 560 4003 19;
581 3944 611 3992 de
631 3943 698 3993 deor.
718 3959 741 3994 n.
760 3940 778 3990 1.
800 3943 840 4007 15,
860 3943 901 3994 38.
957 3991 959 3996 a

197 4023 224 4066 ut
241 4015 479 4076 ceteri—labeant,
498 4011 606 4061 welches
623 4011 663 4061 die
685 4010 829 4073 Fulgerung
848 4011 890 4061 des
910 4010 1133 4076 vorhorgeheuden
1154 4011 1200 4060 Be-
