2750 4526
212 363 254 428 72
392 361 434 414 ou
450 361 612 428 ommno,
629 361 672 412 no.
691 361 791 437 xxaap.
812 363 853 413 ao.
877 359 1109 427 accam-131.

214 529 264 581 aut
293 519 384 581 animi
410 519 596 598 permotione
630 523 760 596 cogatur.
812 517 868 579 Sed
899 518 1039 595 quoniam
1069 519 1116 578 illa
1148 535 1224 597 pars,
1259 519 1293 580 in

216 625 273 684 qua
296 623 397 666 rerum
426 605 557 682 ipsarum
588 603 739 682 explicatio
762 621 795 662 ac
818 603 952 663 defensio
975 603 1069 681 posita
1091 612 1144 676 est,
1173 603 1294 664 videtur

217 709 337 750 omnem
367 689 455 750 huius
488 689 602 768 generis
633 689 715 766 quasi
739 687 903 748 doctrinam
924 688 1083 761 continere,
1114 689 1151 750 de
1173 707 1205 750 ea
1224 691 1293 768 pri-

222 795 306 836 mum
320 776 480 854 loquemur
494 783 522 834 et
541 793 632 852 pauca
650 773 790 834 dicemus.
819 773 916 833 Pauca
939 773 1018 833 enim
1036 783 1113 847 sunt,
1137 793 1212 856 quae
1233 793 1295 836 usu

88 859 419 922 adorandarum
441 868 468 920 ct
490 861 588 919 auimo
611 859 695 937 quasi
712 865 809 920 notata
841 858 949 919 habere
971 858 1133 920 videamur.
1175 862 1217 922 Ac
1239 861 1295 920 tibi

223 947 368 1026 sapienter
386 946 528 1020 monenti,
551 944 664 1016 Crasse,
686 943 809 1004 libenter
822 943 1030 1016 adsentiemur‚
1053 953 1087 1004 ut
1108 943 1297 1024 singularum

223 1049 377 1093 causarum
394 1030 591 1105 defensiones,
615 1047 687 1108 quas
711 1030 806 1089 solent
821 1029 950 1108 magistri
971 1030 1071 1108 pueris
1094 1031 1218 1103 tradere,
1243 1051 1294 1092 re-

221 1118 400 1195 linquamus,
423 1115 588 1194 aperiamus
605 1122 702 1175 autem
717 1115 809 1192 capita
831 1134 872 1186 ea,
894 1115 974 1175 unde
997 1116 1095 1176 omnis
1118 1117 1153 1177 ad
1171 1134 1296 1178 omnem

220 1213 247 1263 et
271 1220 389 1262 causam
405 1210 433 1261 et
447 1202 608 1260 orationem
633 1199 789 1278 disputatio
813 1199 938 1260 ducitur.
976 1201 1078 1278 Neque
1101 1203 1191 1274 enim,
1214 1219 1297 1280 quo-

220 1289 296 1348 tiens
319 1285 442 1347 verbum
466 1285 583 1363 aliquod
607 1293 651 1345 est
666 1285 857 1346 scribendum
873 1285 966 1358 nobis,
989 1285 1097 1346 totiens
1120 1287 1184 1348 eius
1207 1287 1295 1349 verbi

220 1375 330 1434 litterae
353 1380 423 1432 sunt
445 1371 616 1449 cogitatione
640 1371 874 1449 conquirendae;
898 1388 953 1430 nec
976 1371 1112 1449 quotiens
1136 1391 1223 1433 causa
1249 1374 1296 1434 di-

225 1457 317 1517 cenda
339 1465 393 1533 est,
424 1456 531 1518 totiens
561 1456 596 1516 ad
624 1456 687 1516 eius
711 1475 815 1522 causae
837 1456 963 1535 seposita
985 1466 1158 1536 argumenta
1181 1461 1298 1520 revolvi

219 1561 275 1603 nos
294 1550 423 1621 oportet,
439 1542 490 1602 sed
506 1541 612 1602 habere
628 1549 723 1602 certos
744 1542 835 1614 locos,
859 1541 919 1619 qui,
942 1549 974 1601 ut
986 1541 1096 1602 litterae
1111 1543 1147 1603 ad
1166 1543 1298 1606 verbum

222 1627 426 1701 scribendum,
456 1627 498 1687 sic
519 1627 559 1688 illi
581 1627 616 1687 ad
640 1645 758 1688 caosarn
781 1626 982 1705 explicandam
1005 1629 1101 1688 statim
1124 1641 1298 1692 occurrant.

150 1714 207 1765 131.
222 1713 278 1774 Sed
302 1713 331 1772 hi
352 1713 409 1774 loci
432 1713 458 1772 ei
481 1714 601 1773 demum
625 1713 735 1772 oratori
756 1713 897 1790 prodesse
919 1721 1053 1790 possunt,
1082 1714 1134 1792 qui
1157 1722 1201 1774 est
1227 1735 1299 1776 ver-

221 1808 299 1859 satus
321 1799 352 1858 in
374 1817 479 1860 rerum
500 1799 546 1858 vel
563 1817 628 1870 usu,
652 1815 740 1876 quem
763 1806 839 1858 aetas
863 1798 989 1876 denique
1012 1798 1114 1869 adfert,
1138 1800 1185 1859 vel
1205 1803 1300 1863 audi·

221 1886 300 1944 tione
324 1892 352 1944 et
374 1883 555 1963 cogitatione,
586 1901 661 1960 quae
689 1882 785 1943 studio
809 1892 837 1944 et
859 1882 1005 1961 diligentia
1027 1885 1192 1962 praecurrit
1214 1897 1302 1947 aeta-

221 1981 290 2031 tem.
333 1970 408 2030 Nam
431 1970 455 2030 si
477 1978 509 2029 tn
533 1969 604 2028 mihi
627 1969 760 2046 quamvis
783 1967 931 2029 eruditum
954 1969 1106 2030 hominem
1125 1969 1304 2047 adduxeris,
1373 1993 1374 2004 ¹

221 2055 355 2134 quamvis
378 2072 475 2115 acrem
499 2064 526 2114 et
548 2063 666 2114 acutum
688 2054 720 2114 in
743 2054 913 2133 cogitando,
937 2056 1071 2132 quamvis
1094 2055 1130 2114 ad
1154 2073 1303 2133 pronun-

221 2191 429 2202 .--.-..-.-—-——

289 2245 363 2292 tutes
386 2243 495 2306 perceris,
520 2239 543 2288 d.
565 2239 582 2290 i.
598 2239 642 2289 dos
656 2244 804 2302 persuadere
828 2241 870 2302 27,
896 2241 951 2305 115,
980 2240 1040 2289 oder
1050 2243 1128 2304 fidem
1138 2241 1239 2306 faeere,
1261 2247 1306 2307 28,

224 2313 288 2374 121,
312 2310 421 2360 welches
440 2309 519 2358 durch
535 2311 630 2373 docere,
652 2313 780 2360 concidere
805 2310 854 2358 und
872 2325 1014 2360 commorere
1030 2308 1141 2359 bewirlit
1161 2309 1251 2374 wird,
1278 2331 1308 2363 so

220 2379 327 2443 jedoch,
353 2379 410 2428 dass
434 2378 473 2427 die
492 2376 586 2441 Regelo
610 2373 652 2428 fiir
675 2378 715 2429 die
736 2375 941 2442 Beweisliilirung
965 2378 997 2427 im
1020 2377 1216 2429 Wcscntliehon
1238 2384 1308 2432 auch
1372 2373 1373 2380 ¹

224 2447 264 2498 liir
284 2448 328 2497 das
347 2463 438 2497 macera
455 2445 504 2495 uod
523 2449 648 2498 conciliare
668 2447 760 2512 gellen.

292 2525 382 2579 notata,
404 2514 454 2578 vgl.
472 2516 495 2574 8,
514 2516 554 2566 32.

295 2579 346 2640 30·
389 2584 442 2635 tao.
468 2587 553 2646 capita,
572 2598 591 2633 s.
610 2599 631 2636 z.
653 2587 694 2650 27,
718 2587 778 2637 117:
799 2587 898 2637 rivulos.

294 2655 572 2716 omnicreatorem&
593 2668 615 2702 z.
635 2656 676 2716 22,
696 2655 742 2705 92:
764 2659 872 2718 maculae
891 2657 992 2717 circula.

293 2724 431 2785 disputatio,
452 2720 500 2770 wie
519 2723 561 2786 28,
581 2723 627 2773 121
649 2727 733 2784 oratio,
751 2720 792 2772 liir
809 2722 856 2772 den
874 2720 957 2770 luhalt
976 2722 1020 2771 der
1038 2721 1222 2774 reduerischcu
1238 2725 1309 2777 llar-
1371 2749 1372 2752 ¹

226 2788 335 2853 stelluog
369 2804 411 2839 osa
441 2827 447 2839 .

294 2795 458 2923 aepoagca:g(tiu
479 2859 525 2908 den
546 2856 733 2924 Lohrltiichern)
763 2859 843 2910 bereit
861 2859 1006 2924 gahaitam
1030 2863 1127 2922 revolvi,
1158 2860 1210 2911 wie
1233 2863 1314 2916 Tasc.

227 2927 287 2992 disp.
306 2926 324 2977 Ι.
348 2930 373 2992 6,
394 2929 439 2979 12:
456 2931 592 2979 Revolveris
608 2932 691 2978 codem.

295 3000 328 3045 ric
346 3001 389 3046 illi.
428 2995 483 3059 Vgl.
506 2995 580 3046 Tusc.
597 2995 659 3062 disp.
678 2996 720 3050 lV.
742 3000 781 3060 14,
803 2998 849 3048 32:
876 2999 1005 3061 inperatori,
1031 3006 1058 3046 ut
1083 3013 1123 3047 aar
1142 2999 1310 3053 evremarum

206 3111 207 3114 ,
227 3069 254 3113 irc
271 3070 421 3129 accepissem,
445 3069 479 3114 cic
502 3069 541 3115 illi
563 3071 589 3116 in
604 3069 714 3117 morbum
733 3077 754 3117 et
775 3069 884 3116 incidunt
906 3069 1038 3116 cardiacae
1054 3078 1197 3118 recreantur
1220 3076 1312 3135 ocium
1370 3121 1371 3132 ,

141 3193 142 3198 ¹
227 3133 293 3183 ebds.
313 3136 354 3194 30,
375 3135 422 3198 643
440 3133 524 3184 defin.
544 3133 587 3185 lV.
605 3137 646 3197 24,
666 3139 707 3188 ll.
740 3135 823 3184 llurch
840 3134 908 3184 dieso
927 3135 973 3184 deo
992 3133 1133 3197 Gegeosatz
1154 3135 1312 3191 linirenden
1370 3135 1371 3138 ’

227 3200 429 3250 Demonstrativa
459 3202 522 3251 wird
550 3203 703 3253 nomeotlich
728 3205 791 3253 noch
819 3203 898 3254 ciuem
928 3203 1202 3267 Vergloichungssatzo
1237 3209 1315 3260 nieht

227 3270 306 3320 sclten
326 3269 366 3319 cio
385 3268 479 3320 Nomen
502 3270 596 3322 wieder
616 3270 811 3336 ausgenommen.
847 3272 892 3322 Die
913 3271 1017 3322 kiirzcre
1035 3271 1109 3321 Form
1127 3289 1147 3322 s.
1170 3277 1219 3337 42,
1245 3283 1314 3334 18οε

226 3345 260 3389 cic
276 3350 405 3404 tamquam.

296 3417 437 3470 aamercort,
459 3407 511 3474 vgl.
540 3406 558 3458 Ι.
585 3411 631 3474 38,
662 3412 725 3471 1513
750 3427 828 3461 omncs
856 3413 1199 3463 em'm-toct-ouondoat
1233 3434 1264 3467 oe
1292 3429 1315 3470 et
1369 3459 1370 3472 .

226 3487 364 3540 certarunt.

298 3548 354 3600 131.
392 3549 522 3608 tortor.
546 3548 586 3609 28,
611 3550 667 3601 121.

296 3634 378 3666 rerum
395 3643 429 3650 —
447 3632 502 3677 nou,
521 3616 571 3678 vgl.
591 3618 632 3680 34,
655 3620 717 3678 147;
739 3619 779 3680 50,
800 3617 857 3669 204.

296 3689 409 3749 danique:
427 3683 591 3747 schliosslicli,
611 3691 672 3748 arst,
692 3685 741 3736 wic
760 3688 801 3750 34,
822 3687 877 3738 146.

295 3758 405 3818 quaracla
425 3757 554 3805 cruditam.
590 3753 644 3806 Voo
664 3754 711 3804 den
731 3753 990 3820 Concessivpartilelo
1015 3754 1090 3803 liudet
1110 3754 1166 3804 sich
1187 3755 1241 3810 bei
1261 3762 1316 3811 Cic.

229 3839 275 3871 nur
287 3827 404 3888 querani,
425 3823 475 3872 uod
493 3822 557 3872 auch
577 3822 629 3873 dies
649 3840 695 3874 nur
715 3824 804 3886 seiten,
825 3824 888 3872 ohne
907 3823 946 3872 cio
961 3823 1109 3872 besonderes
1124 3823 1247 3878 Verbum
1269 3831 1318 3880 mit

228 3892 306 3942 ciuem
326 3891 384 3955 adj.
403 3893 463 3941 oder
485 3891 550 3942 Adv.
571 3892 723 3947 verbunden.
760 3892 818 3956 Vgl.
839 3894 880 3954 56,
899 3894 956 3944 228.

291 3964 504 4025 pronuntiandum
514 3956 681 4024 ‘vortrogcn²,
701 3961 770 4012 nicht
784 3957 978 4028 ‘aussprcchcu',
996 3957 1078 4010 woliir
1091 3958 1143 4010 Cic.
1164 3978 1219 4014 nur
1234 3971 1321 4020 diem

229 4030 288 4080 odor
306 4034 426 4092 appellare
444 4029 587 4094 gebraucht.
