2826 4520
175 348 235 412 116
386 345 429 396 DE
448 345 611 408 olltTOttE,
629 345 673 395 tib.
686 346 704 396 t.
727 362 781 412 cap.
794 351 836 401 48.
856 349 1032 408 §208-210.

172 503 229 562 boo
243 501 391 580 ingrediar
406 502 442 560 ad
458 519 499 572 ea,
514 519 590 578 quae
602 501 698 574 vultis,
714 501 862 574 audacius,
881 503 963 580 quod
977 503 1055 562 idem
1071 501 1144 562 mihi
1158 520 1249 581 spero

173 607 229 648 usu
248 606 312 647 esse
335 595 494 646 venturum
515 586 547 645 in
569 585 623 645 bae
645 587 849 664 disputatione,
871 587 1002 666 quodin
1016 587 1141 647 dicendo
1164 587 1248 658 solet,

172 682 206 733 ut
225 673 305 732 nulla
327 681 512 750 exspectetur
533 682 635 730 ornata
658 672 759 731 oratio.
808 673 911 750 Neque
933 673 1016 733 euim
1034 691 1102 732 sum
1126 672 1163 731 de
1186 681 1248 732 arte

172 758 323 828 dicturus,
356 775 446 834 quam
468 773 632 833 numquam
654 755 758 832 didici,
792 757 845 816 sed
866 757 903 816 de
926 775 991 817 mea
1013 756 1246 827 consuetudine;

171 843 294 920 ipsaque
314 842 371 920 illa,
391 859 465 919 quae
485 841 518 899 in
541 841 786 901 commentarium
811 860 912 901 meum
934 842 1049 914 rettuli,
1073 852 1144 902 suut
1165 842 1247 902 eius-

171 919 263 999 modi,
285 945 347 986 uon
369 927 465 1004 aliqua
489 925 559 984 mibi
577 925 711 986 doctrina
730 927 842 998 tradita,
865 926 916 986 sed
934 927 965 986 in
981 945 1084 986 rerum
1100 945 1159 987 usu
1175 945 1249 986 cau-

172 1012 272 1088 sisque
295 1019 427 1082 traotata;
461 1028 537 1088 quae
558 1011 583 1070 si
602 1011 704 1083 vobi5‚
735 1011 907 1071 homiuibus
927 1011 1148 1082 eruditissimis,
1183 1029 1247 1071 uon

173 1096 398 1174 probabuntur,
431 1104 556 1154 vestram
584 1096 769 1173 iniquitatem
797 1104 978 1170 aecusatote,
1012 1095 1063 1174 qui
1085 1115 1122 1156 ex
1144 1114 1193 1155 me
1215 1115 1248 1155 ea

172 1179 368 1258 quaesieritis,
401 1197 476 1256 quae
497 1198 551 1257 ego
583 1181 743 1247 nese-irem:
779 1200 877 1241 meam
899 1181 1066 1242 facilitatem
1089 1181 1248 1252 laudatote,

173 1284 241 1324 cum
262 1265 346 1324 vobis
367 1282 429 1323 non
451 1283 517 1323 meo
539 1265 667 1336 iudicio,
701 1266 753 1325 sed
776 1277 874 1326 vestro
902 1266 1000 1326 studio
1022 1265 1163 1332 inductus
1185 1285 1248 1325 nou

101 1362 158 1412 209.
172 1358 286 1428 gravate
308 1349 501 1426 respondero.
544 1349 622 1409 Tum
644 1351 783 1410 Crassus:
817 1351 911 1429 Perge
934 1351 1033 1422 modo,
1055 1350 1159 1428 iuquit,
1183 1352 1248 1410 Au-

172 1435 243 1494 toni.
287 1434 407 1493 Nullum
429 1443 473 1493 est
495 1434 574 1492 euim
596 1435 778 1513 perieulum,
809 1454 846 1495 ne
877 1436 948 1512 quid
970 1445 1002 1496 tu
1025 1435 1165 1512 eloquare
1189 1436 1247 1495 nisi

171 1520 209 1579 ita
230 1519 402 1596 prudenter,
425 1527 458 1578 ut
479 1519 629 1578 nemiuem
652 1530 789 1580 nostrum
811 1521 959 1598 poeniteat
980 1521 1016 1580 ad
1038 1521 1118 1579 hune
1133 1528 1162 1580 te
1181 1539 1247 1579 ser·

171 1622 292 1663 monem
314 1604 473 1681 impulisse.

256 1689 318 1768 Ego
335 1708 415 1760 vero,
436 1689 540 1767 inquit
560 1705 681 1766 pergam
704 1697 732 1748 et
752 1689 783 1748 id
806 1690 920 1760 faciam,
941 1689 1022 1767 quod
1042 1691 1074 1750 in
1096 1689 1245 1767 principio

170 1774 234 1833 lieri
249 1774 281 1833 in
297 1773 437 1834 omuibus
456 1773 702 1851 disputationibus
721 1781 859 1852 oportere
882 1791 998 1845 oenseo,
1023 1785 1063 1845 ut,
1084 1773 1156 1851 quid
1172 1774 1246 1834 illud

171 1859 216 1932 sit,
236 1859 274 1920 de
293 1878 354 1938 quo
377 1860 551 1937 disputetur,
572 1858 753 1936 explanetur,
773 1876 812 1918 ne
832 1860 929 1937 vagari
951 1868 980 1920 et
1002 1877 1100 1918 errare
1123 1867 1246 1936 eogatm·

172 1945 274 2018 oratio,
304 1945 327 2006 si
350 1945 380 2017 ii,
407 1945 459 2022 qui
481 1945 558 2002 inter
580 1962 612 2002 se
632 1943 840 2020 dissenserint,
873 1962 936 2003 nou
956 1944 1036 2004 idem
1059 1945 1142 2019 [esse]
1164 1944 1247 2014 illud,

96 2042 158 2093 210.
171 2049 232 2108 quo
261 2031 297 2090 de
327 2031 437 2108 agitur,
468 2029 645 2106 intellegant
700 2028 822 2088 Namsi
849 2032 925 2088 lorte
955 2036 1148 2106 quaereretur
1170 2046 1247 2105 quae

171 2126 248 2176 esset
268 2135 317 2175 ars
338 2113 541 2192 imperatoris,
570 2112 811 2173 constituendum
843 2123 980 2191 putarem
1008 2113 1154 2191 principio
1179 2115 1247 2191 quis

172 2209 248 2260 esset
268 2201 445 2278 imperator;
471 2198 523 2276 qui
546 2215 615 2258 eum
637 2205 715 2258 esset
736 2198 914 2258 constitutus
935 2197 1156 2258 administrator
1178 2199 1247 2275 qni-

172 2287 239 2345 dam
262 2285 329 2345 belli
350 2283 487 2362 gerendi,
509 2292 573 2341 tum
595 2282 824 2360 adiungeremus
846 2283 883 2342 de
904 2283 1051 2353 exercitu,
1073 2283 1111 2341 de
1133 2283 1247 2354 eastris,

171 2371 209 2429 de
230 2368 407 2448 agminibus,
440 2366 476 2425 de
498 2367 651 2443 signorum
674 2367 894 2439 collationibus,
927 2368 963 2427 de
986 2367 1167 2446 oppidorum
1190 2386 1247 2446 op-

172 2503 276 2568 sprielrt,
298 2501 424 2551 beriehtet
442 2516 470 2550 er
487 2499 583 2550 solbsl:
601 2517 677 2564 neque
695 2511 744 2550 tom
760 2506 843 2563 ortella,
861 2520 934 2566 qoam
951 2513 1036 2554 mna
1050 2510 1132 2562 actm,
1154 2504 1247 2550 tudinis

162 2574 267 2634 flebant,
286 2587 362 2634 neque
379 2573 431 2631 tloe,
448 2573 514 2634 quod
532 2585 598 2618 nunc
607 2574 656 2631 fit,
677 2581 703 2620 ut
719 2588 805 2620 eoum
822 2574 931 2636 ⁸⁸·an
949 2572 1137 2633 defenderentur
1154 2587 1170 2617 a
1182 2573 1245 2630 plu-

172 2643 250 2701 ribus,
267 2656 315 2704 quo
334 2641 578 2689 adducentium.

242 2709 300 2760 208.
334 2711 379 2758 loe
396 2711 522 2772 mpredt'ar
541 2733 575 2742 -
592 2710 721 2769 oodwieu,
745 2705 798 2768 vgl.
814 2704 845 2756 Il.
869 2709 894 2767 2,
913 2708 942 2755 9:
972 2707 1042 2763 ΟΜ
1055 2708 1099 2754 loe
1117 2710 1189 2755 αιάηι
1206 2722 1249 2766 ape

174 2781 300 2841 wyrcdaor
324 2782 414 2826 maiore
437 2779 472 2825 ad
485 2777 660 2836 protundum,
687 2775 737 2823 und
758 2789 790 2822 zu
812 2773 831 2824 1.
849 2776 874 2838 8,
893 2775 939 2825 32:
970 2785 1020 2824 taos
1042 2790 1119 2836 porro
1145 2777 1247 2839 regium

174 2845 223 2894 Mit
239 2849 274 2895 ad
288 2845 416 2895 ersclreint
434 2847 531 2909 ingredi
546 2845 610 2892 auch
629 2845 672 2903 21,
692 2845 725 2894 94
746 2843 898 2892 verbunden.

242 2931 315 2977 quam
333 2931 464 2978 nonquam
481 2916 565 2975 didici,
582 2912 633 2975 vgl.
651 2909 682 2960 lt.
701 2915 726 2971 t,
745 2913 792 2961 29:
817 2915 900 2962 docebo
916 2929 971 2976 voe,
986 2913 1108 2972 empuli,
1129 2913 1163 2972 td,
1182 2913 1250 2974 quod

174 2985 224 3043 ipse
242 3001 291 3032 non
308 2986 390 3043 didt'ci,
407 2985 470 3046 quid
484 2985 514 3030 de
532 2985 599 3030 omni
612 2997 698 3045 genero
714 2974 812 3028 demedi
826 2984 935 3031 unctum.

243 3067 293 3100 non
317 3055 402 3114 aliqua
424 3055 473 3100 eet.
517 3047 556 3097 Ζιι
583 3050 628 3098 der
650 3047 858 3113 appositionelleu
876 3047 1020 3112 Erkliruog
1043 3047 1095 3111 vgl.
1118 3048 1162 3111 42,
1187 3047 1253 3098 1882

173 3123 290 3184 equom
308 3145 343 3154 —
360 3121 512 3168 mmo.

244 3190 369 3238 meos:
386 3185 512 3247 redebet,
530 3184 694 3235 verschiedeu
717 3199 767 3233 von
785 3188 904 3235 adduam
924 3185 986 3234 odor
1004 3194 1138 3235 comme.

245 3258 304 3306 209.
335 3259 387 3319 Epo
398 3272 454 3303 vero
467 3259 514 3303 eet.
544 3251 595 3302 Der
610 3251 723 3302 Wuoseb
736 3253 780 3302 des
794 3252 918 3318 Sulpicius
931 3253 996 3302 wird
1013 3251 1167 3316 gleiehwobl
1179 3250 1251 3302 nieht

176 3323 383 3386 ber'dcksiebtigt‚
406 3323 515 3372 sondern
541 3337 589 3370 nur
611 3321 656 3370 der
673 3322 717 3370 des
734 3320 841 3371 Crassus
859 3322 1089 3385 zuriiokgewimeu.
1122 3319 1250 3370 Antonius

176 3395 277 3458 gestebt
296 3393 348 3442 dies
366 3391 445 3441 selbst
462 3389 488 3438 iu
506 3388 712 3439 humoristiselrer
732 3389 820 3440 Weise
836 3388 867 3440 ll.
878 3392 928 3452 ld,
947 3393 981 3442 lu
999 3390 1046 3439 ein.

244 3465 331 3528 vagari
346 3471 369 3511 et
384 3475 481 3511 errore:
501 3459 540 3508 ios
560 3456 704 3521 Ungewisse
722 3459 772 3508 aud
787 3456 834 3508 aul
851 3459 962 3521 Abwege
979 3459 1108 3522 goratheu.

245 3536 271 3581 ei
284 3536 313 3581 ci.
350 3529 450 3580 Vorhor
466 3527 501 3576 ist
518 3543 551 3576 zu
568 3527 709 3590 orginzeu:
727 3531 793 3591 qood
802 3532 866 3589 fieri
881 3545 972 3577 neeesse
987 3536 1029 3576 eet.

177 3603 444 3730 lantibus·
461 3595 820 3730 pltiittffitttldt‘
834 3597 1004 3726 liubit
1018 3592 1252 3712 sffiabqngg

178 3752 265 3786 ausser
282 3735 338 3785 lrier
358 3737 423 3785 noch
440 3735 471 3784 de
487 3733 540 3786 inv.
559 3730 578 3781 I.
600 3735 641 3794 19,
658 3735 700 3784 27.

247 3809 396 3869 inteltepant:
423 3819 496 3853 wonu
518 3802 556 3850 sio
580 3800 635 3850 sich
661 3801 731 3850 nieht
753 3807 827 3850 uuter
850 3801 906 3850 dem
924 3799 1101 3863 Gogaustuudo
1119 3799 1164 3848 der
1183 3798 1253 3850 Ver·

179 3871 306 3934 haudluug
329 3872 369 3921 ein
393 3873 443 3921 und
466 3869 583 3920 dasselbe
606 3869 752 3918 vorstollou.
795 3868 853 3932 Vgl.
879 3869 910 3918 de
933 3869 974 3918 bu.
992 3866 1023 3920 ll.
1045 3871 1083 3932 15,
1104 3869 1151 3921 50:
1188 3868 1256 3928 Quid

177 3956 234 4003 erpo
251 3943 295 3988 boe
312 3945 360 3990 loeo
378 3944 491 4003 antellagit
508 3940 649 3987 lomus?

249 4008 307 4057 210.
341 4024 402 4070 quae
418 4017 484 4068 aaa,
501 4022 521 4056 s.
544 4021 566 4054 ι
584 4006 627 4068 42,
648 4006 709 4056 tuo:
725 4007 859 4056 laberetur.
