2814 4526
189 246 192 255 ,
232 217 236 250 l

231 335 273 400 20
444 333 487 384 nn
506 331 668 400 oneronu,
687 333 732 387 111.
752 333 782 385 n.
802 350 854 401 up.
868 337 892 388 1.
911 339 934 388 5.
952 337 967 398 s
986 338 1093 388 m-ao.

164 497 166 501 ’
229 490 267 550 illi
298 490 407 562 solent,
438 491 627 569 quocumque
656 491 687 550 in
717 491 799 564 loco,
829 504 1035 569 quoscumque
1060 491 1137 552 inter
1164 492 1299 553 homines

230 575 325 636 visum
349 583 400 648 est,
422 574 459 635 de
481 575 570 636 rebus
592 584 642 635 aut
664 575 840 636 difficillimis
861 585 912 635 aut
933 595 994 636 non
1017 576 1189 637 necessariis
1211 595 1299 656 argu·

229 659 340 722 tissime
361 660 517 739 disputare.
552 661 616 720 Hoc
640 679 694 721 nos
715 659 750 720 ab
772 661 834 722 istis
857 660 1092 723 adulescentibus
1108 663 1204 722 lacere
1218 663 1300 724 inviti

122 740 153 802 5.
175 745 259 806 19-11
286 755 455 806 recusantes
484 745 547 806 heri
576 746 667 805 coacti
696 764 809 808 sumus.
855 746 931 807 l'um
961 746 1097 808 Catulus:
1134 747 1176 808 Ne
1200 748 1301 809 Graeci

231 831 365 909 quidem,
392 830 502 910 inquit,
525 831 644 898 Crasse,
665 831 715 909 qui
736 831 766 890 in
790 830 954 892 civitatibus
976 832 1037 892 suis
1061 833 1129 892 clari
1153 841 1181 892 et
1203 835 1299 912 magni

230 920 367 988 fuerunt,
397 916 482 976 sicuti
504 922 536 976 tu
559 935 590 977 es
613 933 728 993 nosque
750 935 855 977 omnes
876 917 908 977 in
931 925 1031 978 nostra
1053 936 1085 978 re
1107 917 1223 996 publica
1246 937 1299 979 vo-

229 1002 328 1063 lumus
362 1020 442 1076 esse,
479 1000 588 1061 horum
619 1001 813 1072 Graecorum,
850 1002 900 1080 qui
937 1019 968 1062 se
1000 1002 1148 1064 inculcant
1179 1003 1298 1064 auribus

229 1087 349 1160 nostris,
371 1086 481 1147 similes
504 1088 633 1163 fuerunt,
657 1105 711 1146 nec
732 1087 764 1147 in
785 1087 844 1147 otio
861 1105 1014 1148 sermones
1030 1087 1118 1148 huius
1136 1089 1217 1150 modi
1239 1089 1299 1150 dis-

173 1173 214 1222 20.
227 1171 453 1251 potationesque
481 1171 638 1249 fugiebant.
682 1172 725 1232 Ac
754 1172 778 1232 si
806 1171 859 1232 tibi
888 1173 1040 1245 videntur,
1075 1173 1126 1252 qui
1148 1175 1300 1252 temporis,

229 1257 280 1336 qui
300 1257 366 1336 loci,
389 1256 440 1334 qui
456 1254 610 1316 hominum
627 1257 771 1318 rationem
784 1275 846 1318 non
858 1257 974 1330 habent,
988 1258 1088 1336 inepti,
1102 1259 1179 1319 sicut
1195 1259 1299 1320 dehent

228 1342 336 1413 videri,
365 1359 438 1402 num
468 1341 585 1402 tandem
615 1350 665 1402 aut
692 1343 775 1402 locus
803 1343 851 1402 hic
878 1361 940 1402 non
962 1343 1087 1404 idoneus
1110 1344 1242 1418 videtur,
1269 1345 1300 1404 in

229 1445 289 1505 quo
311 1426 442 1504 porticus
464 1425 536 1486 haec
557 1427 634 1506 ipsa,
658 1427 708 1488 ubi
730 1446 811 1488 nunc
833 1427 1036 1501 ambulamus,
1060 1437 1088 1490 et
1109 1429 1252 1507 palaestra
1273 1439 1300 1490 ct

229 1519 272 1572 tot
299 1511 371 1572 locis
400 1512 546 1572 sessiones
577 1513 799 1592 gymnasiorum
817 1520 845 1574 et
867 1513 1046 1574 Graecorum
1070 1514 1299 1593 disputationum

229 1597 401 1657 memoriam
431 1597 650 1675 quodammodo
681 1595 892 1658 commovent?
928 1609 978 1660 aut
1000 1617 1073 1659 num
1094 1599 1299 1678 importunum

228 1690 345 1760 tempus
374 1683 407 1742 in
428 1689 507 1743 tanto
531 1683 608 1755 otio,
641 1683 721 1761 quod
744 1692 772 1742 et
792 1702 859 1743 raro
882 1682 967 1745 datur
990 1694 1017 1744 et
1039 1703 1121 1744 nunc
1144 1695 1295 1764 peroptato

230 1767 315 1827 nobis
343 1769 443 1828 datum
469 1765 536 1828 est?
572 1777 622 1828 aut
651 1768 785 1828 homines
814 1767 849 1828 ab
880 1769 936 1828 hoc
964 1788 1070 1848 genere
1093 1770 1296 1848 disputationis

226 1853 330 1925 alieni,
353 1853 403 1932 qui
426 1871 530 1913 omnes
552 1853 572 1914 ii
591 1851 717 1926 sumus,
749 1863 781 1913 ut
802 1854 865 1914 sine
886 1853 930 1914 his
952 1855 1055 1915 studiis
1078 1855 1167 1916 vitam
1190 1856 1299 1916 nullam

296 2009 374 2056 uisum
393 2015 441 2056 est:
473 2006 504 2055 da
526 2009 668 2071 purumque
691 2005 754 2055 ohne
774 2005 814 2055 ein
833 2005 909 2056 Verh.
928 2005 989 2056 linit.
1011 2007 1052 2056 hei
1071 2006 1122 2056 Cic.
1140 2007 1195 2058 sich
1210 2024 1257 2058 nur
1273 2009 1299 2058 in

227 2075 275 2124 den
298 2073 469 2124 Redansarten
497 2091 643 2139 quocumque
667 2078 734 2124 mode
761 2074 821 2124 oder
848 2091 996 2140 quacumque
1022 2081 1116 2128 ratloue
1139 2077 1232 2141 findet3
1264 2077 1299 2127 im

228 2143 368 2193 Deutschen
387 2143 493 2192 brancht
512 2159 538 2193 es
554 2143 622 2192 nicht
640 2143 768 2193 iibersetzt
786 2159 817 2194 zu
837 2144 946 2195 werden.

296 2221 339 2262 eut
367 2213 520 2275 dp‘fieitttmts
545 2222 587 2262 uut
612 2229 662 2262 uem
688 2215 837 2262 necessariis:
870 2211 931 2262 iiber
960 2215 1018 2264 sehr
1045 2214 1194 2279 schwierige
1207 2215 1299 2266 *oder

230 2279 433 2343 wenigstens
453 2279 589 2344 unndthige
609 2279 704 2346 hingo,
724 2280 775 2344 vgl.
788 2278 860 2331 Tusc.
876 2279 938 2346 disp.
952 2280 971 2332 l.
989 2287 1010 2346 1,
1035 2285 1061 2334 1:
1081 2294 1125 2333 eut
1145 2289 1240 2335 omniuo
1257 2296 1300 2336 eut

227 2365 364 2467 mapuuveu
385 2359 472 2411 111111,Ι
502 2347 542 2399 111.
564 2353 604 2412 lt,
624 2351 670 2402 38:
701 2359 743 2400 aut
769 2353 796 2398 iu
820 2353 886 2400 muni
908 2360 951 2401 eut
974 2355 1001 2402 iu
1025 2369 1111 2417 mupuu
1133 2363 1204 2415 purte
1224 2357 1301 2415 m'tue,¹

229 2417 299 2468 ebds.
343 2419 410 2481 .3o,
431 2420 471 2469 84.

299 2483 327 2542 5.
364 2488 401 2537 19.
432 2489 517 2536 horum
537 2489 692 2538 Crumerum:
712 2487 755 2536 der
775 2485 1300 2553 111111εεί111111111111111111111111,

229 2553 326 2604 welche
351 2552 393 2604 fiir
422 2554 462 2604 die
492 2569 594 2618 grossen
618 2554 723 2605 Menner
746 2571 791 2604 aus
819 2557 864 2604 dor
890 2552 1300 2610 111111111Ζοί1(11111111111111

228 2621 288 2672 kain
308 2620 445 2673 Kriterium
463 2623 581 2687 abgeben.
610 2622 684 2673 Diasa
702 2621 779 2687 diirlc,
798 2623 875 2673 meint
893 2624 937 2674 der
955 2623 1169 2686 Griechenfreund
1188 2627 1299 2692 Catulus,

230 2689 335 2741 Crassus
355 2693 507 2757 ungcsehcut
528 2693 686 2744 nachahmcn.

297 2777 340 2810 um
359 2761 422 2810 ohne
439 2770 525 2824 tumen,
545 2761 593 2811 wie
607 2763 646 2823 15,
662 2764 707 2813 62:
726 2779 800 2826 mque
812 2779 862 2812 eum
876 2767 974 2823 reperto.
1000 2761 1073 2812 Auch
1084 2761 1165 2812 C'asar
1178 2763 1300 2815 brauchtc

230 2827 275 2878 das
294 2827 408 2879 einfacho
426 2847 500 2894 meque
519 2829 545 2878 in
563 2830 738 2880 adversativer
755 2831 906 2896 Bedeutung,
926 2847 947 2880 z.
970 2831 994 2880 B.
1010 2831 1036 2882 B.
1057 2831 1084 2882 C.
1099 2829 1118 2883 l.
1135 2834 1177 2896 25,
1195 2835 1218 2884 2.
1248 2833 1301 2884 Ftir

228 2914 304 2962 meque
321 2903 384 2949 euim
401 2900 468 2949 steht
486 2913 512 2949 es
531 2904 606 2948 unten
627 2901 666 2958 111,
686 2901 727 2951 69.
1028 2925 1029 2930 ’

298 2969 338 3018 20.
372 2977 405 3018 tot
422 2971 478 3019 toute
495 2973 560 3016 statt
576 2966 646 3017 einer
667 2966 865 3031 adjectivischen
885 2966 1059 3032 bestimmung,
1079 2967 1127 3018 wie
1148 2968 1189 3020 lll.
1207 2973 1230 3032 3,
1252 2973 1299 3022 101

227 3037 254 3084 0.
273 3037 386 3085 durbonis
400 3040 521 3087 -eodem
540 3041 583 3088 illo
595 3039 633 3085 die
646 3053 710 3086 mera
722 3039 827 3101 mesurae.
859 3035 982 3086 Aehnlioh
994 3037 1082 3086 stchen
1096 3035 1299 3104 Priipositiouel-

229 3101 374 3153 Ausdriicke
394 3102 423 3153 Il.
444 3107 485 3168 21,
511 3107 568 3156 1151
596 3108 629 3154 ud
644 3110 852 3165 persuadendum
869 3107 910 3168 53,
932 3107 995 3157 215:
1016 3109 1042 3155 im
1061 3111 1197 3158 contrarias
1209 3113 1301 3169 partu.

229 3170 288 3235 Vgl.
307 3187 337 3220 zu
358 3175 401 3236 14,
426 3175 472 3225 58:
504 3177 533 3223 ab
553 3176 689 3224 Aristotel.
731 3174 780 3223 Das
800 3172 894 3223 Fehlen
922 3173 965 3222 des
989 3173 1162 3237 griechischen
1185 3176 1300 3228 Artikels

230 3239 295 3289 wird
311 3239 503 3304 einigermassen
521 3241 598 3291 durch
615 3242 655 3291 dic
675 3241 862 3306 Woitstellung
882 3248 984 3293 ersetzt.

300 3313 446 3361 (r'rueeerum
457 3314 651 3373 deputationum,
667 3310 925 3375 gelehrte'Vortrtige,
940 3309 988 3360 wie
1002 3311 1039 3360 sie
1052 3326 1101 3360 von
1113 3312 1159 3362 den
1175 3311 1302 3365 Griachen

226 3377 348 3442 gehalton
365 3379 476 3429 wurden.
513 3381 658 3430 Graecorum
674 3383 863 3442 disputatebuum
881 3379 965 3430 wiirdc
984 3379 1118 3430 bedenten:
1145 3381 1171 3430 in
1190 3381 1302 3446 griechi-

228 3448 302 3496 scher
326 3445 436 3512 Sprache
462 3447 595 3511 gehaltene
619 3448 754 3512 Vortrtige.
789 3448 850 3498 Jane
876 3447 965 3498 beiden
986 3447 1047 3498 Gen.
1068 3450 1155 3499 stehen
1181 3450 1205 3500 in
1235 3451 1303 3502 dem·

228 3515 314 3566 selben
333 3515 494 3566 Varhiiltniss
517 3532 547 3566 zu
572 3516 691 3566 einander
708 3517 756 3566 wie
777 3518 882 3580 111114,
904 3520 948 3569 17:
979 3535 1074 3578 eorum,
1100 3521 1243 3582 quibuscum
1261 3531 1305 3586 eat,

229 3590 266 3635 uel
281 3588 406 3649 tumtum
424 3591 461 3636 uel
476 3589 597 3640 commodi.

297 3663 339 3704 uut
357 3671 423 3705 uum.
453 3653 489 3704 Zu
508 3655 552 3704 der
571 3652 769 3718 Wicderholung
788 3655 833 3704 der
850 3652 1042 3720 Fregepartilrel
1060 3655 1109 3719 vgl.
1122 3653 1166 3708 lll.
1178 3657 1219 3716 20,
1237 3659 1303 3712 1141

227 3737 287 3772 uum
306 3727 406 3774 interire
422 3728 500 3775 uirtus
517 3727 544 3773 tu
559 3726 653 3774 homine
669 3733 714 3773 eut
729 3740 787 3774 uum
805 3727 832 3773 tu
849 3728 935 3774 uitium
949 3729 1026 3784 poscit
1043 3734 1183 3776 convertere.

298 3794 473 3852 importunum:
503 3792 649 3857 urgelegan,
677 3792 725 3842 wie
742 3789 784 3841 Ill.
804 3795 828 3856 5,
850 3793 894 3844 18:
923 3801 957 3842 est
981 3795 1008 3843 iu
1034 3809 1059 3843 eo
1086 3797 1134 3844 loco
1159 3797 1224 3844 sedes
1246 3797 1306 3846 bute

423 3872 533 3924 pertumu
549 3866 661 3912 emmoni.

298 3933 371 3978 uttam
397 3935 501 3986 uultum,
529 3928 611 3981 n‘oliir
638 3929 677 3981 die
702 3927 825 3980 Griechen
850 3933 910 3994 βίος
934 3925 1053 3996 ἀβίωτος
1075 3945 1166 3994 sager,
1194 3931 1243 3982 wic
1270 3934 1302 3985 de

229 3995 271 4046 off.
288 3995 318 4046 ll.
334 4001 358 4063 4,
378 4001 423 4050 151
442 4001 508 4058 Qum
522 4017 653 4051 eumuerem
671 4003 761 4050 uatium
779 4003 960 4066 multitudinem,
978 4005 1029 4050 etue
1042 4002 1129 4064 quibus
1143 4004 1193 4051 ot'tu
1205 4007 1306 4054 emmim
