2756 4520
298 296 341 347 un
362 295 525 361 onnronu,
542 295 585 347 m.
605 295 647 348 m.
666 312 719 364 up.
738 297 779 350 ιι.
800 298 815 360 ι
834 297 945 351 re-co.
1116 291 1159 358 55

84 452 250 532 Pompeius
266 459 316 512 aut
330 450 392 513 duo
404 450 486 512 Balbi
501 460 551 512 aut
566 468 650 513 meus
665 451 786 522 amicus,
809 452 860 530 qui
875 469 944 512 cum
959 451 1096 512 Panaetio
1111 452 1157 512 vi-

82 541 135 612 nit,
150 539 188 600 bl.
198 537 336 617 Vigellius
344 535 379 598 de
388 536 494 598 virtute
509 535 666 598 hominwm
681 537 796 612 [Stoici]
811 537 926 615 possint
937 537 1042 609 dicere,
1058 537 1157 614 quain

81 623 283 702 disputatione
299 640 352 700 ego
378 621 424 682 his
440 621 562 682 debeam
577 630 628 682 aut
643 631 774 684 vestrum
795 622 951 701 quisquam
972 619 1158 683 concedere?

80 711 152 770 Non
167 718 212 769 est
226 707 306 768 enim
321 706 505 785 philosophia
521 706 623 768 similis
639 707 746 768 artium
761 707 950 785 reliquarum.
995 708 1069 768 Nam
1085 707 1156 785 quid
1172 707 1212 758 79.

81 795 171 856 faciet
185 794 216 854 in
231 793 391 871 geometria
408 792 459 870 qui
474 809 536 852 non
552 789 709 853 didicerit?
731 791 802 871 quid
816 792 848 853 in
863 789 1008 854 musicis?
1036 793 1096 852 Aut
1110 800 1155 853 ta-

81 887 148 940 ceat
167 877 314 957 oportebit
329 885 379 938 aut
394 895 431 938 ue
446 895 536 938 sanus
553 877 672 955 quidem
687 878 842 940 iudicetur.
885 878 964 938 Haec
978 895 1058 951 vero,
1081 896 1156 956 quae

81 971 158 1026 sunt
170 964 203 1024 in
211 962 407 1042 philosophia,
421 962 547 1040 ingeniis
563 971 709 1023 eruuntur
723 964 759 1023 ad
772 963 812 1036 id,
828 964 908 1042 quod
920 963 952 1023 in
964 980 1084 1041 quoque
1094 963 1156 1024 veri

80 1049 179 1111 simile
195 1057 248 1121 est,
271 1047 447 1108 eliciendum
462 1048 554 1108 acutis
570 1056 657 1125 atque
671 1047 787 1108 acribus
810 1065 903 1128 eaque
919 1048 1071 1109 exercitata
1087 1067 1156 1109 ora-

81 1137 165 1197 tione
179 1134 342 1213 poliuntur.
366 1133 422 1192 llic
435 1140 537 1193 noster
553 1133 678 1212 volgaris
694 1141 801 1206 orator,
816 1134 841 1194 si
857 1133 955 1194 minus
972 1133 1027 1194 erit
1041 1134 1155 1211 doctus,

82 1231 112 1282 at
126 1231 229 1281 tanmn
245 1219 276 1278 in
293 1218 417 1278 dicendo
433 1218 615 1291 exercitatus,
638 1219 692 1278 hac
706 1219 769 1299 ipsa
784 1219 990 1280 exercitatione
1004 1219 1156 1280 communi

82 1307 160 1367 istos
176 1304 297 1382 quidem
313 1301 419 1366 doctos
430 1303 593 1364 verberabit
603 1321 700 1382 neque
716 1323 747 1364 se
763 1303 799 1364 ab
814 1305 850 1366 iis
865 1305 1015 1365 contemni
1029 1303 1156 1384 despici-

84 1409 146 1470 que
164 1391 250 1451 sinet.
294 1389 345 1449 Sin
361 1389 464 1467 aliquis
480 1389 621 1449 exstiterit
641 1389 807 1467 aliquando,
829 1391 880 1468 qui
894 1389 1060 1451 Aristotelio
1074 1409 1156 1451 more
1171 1395 1210 1446 8⁰.

82 1475 127 1537 de'
141 1475 284 1536 omnibus
299 1473 389 1534 rebus
405 1475 436 1534 in
453 1481 607 1552 utramque
629 1484 741 1552 partem
765 1475 859 1553 possit
873 1475 970 1535 dicere
986 1486 1014 1535 et
1028 1477 1058 1536 in
1075 1476 1157 1536 omni

83 1579 175 1622 causa
191 1560 265 1620 duas
282 1560 443 1619 contrarias
461 1558 618 1632 orationes,
635 1560 796 1638 praeceptis
811 1560 889 1620 illius
905 1561 1038 1639 cognitis,
1063 1561 1157 1640 expli-

174 1691 236 1742 Sex.
255 1689 396 1758 Pompeius,
418 1691 505 1742 Obeim
527 1692 570 1742 des
585 1691 669 1758 Pomp.
682 1691 786 1758 Magnus
804 1695 854 1743 und
875 1693 985 1755 Stoiker,
1003 1696 1069 1744 auch
1086 1692 1105 1745 Ι.
1120 1698 1160 1758 15,

84 1767 117 1816 67
141 1762 268 1812 erwiibnt.
291 1760 427 1812 Berselbcn
444 1760 535 1811 Schule
553 1763 674 1825 gehbrten
696 1764 760 1812 auch
778 1762 818 1812 dic
835 1761 925 1812 beiden
943 1762 1033 1812 balbus
1052 1779 1092 1824 an,
1109 1779 1159 1813 ron

83 1833 167 1882 denen
188 1828 219 1894 Q.
238 1828 352 1880 Lucilius
371 1829 460 1880 Balbus
477 1830 502 1879 in
523 1829 568 1879 der
585 1829 681 1880 schrift
707 1834 735 1882 de
753 1835 816 1881 deor.
836 1848 861 1882 n.
884 1830 924 1881 die
950 1832 1060 1882 stoiscbe
1078 1831 1160 1882 Lebro

83 1897 253 1961 vertbeidigt,
271 1897 349 1948 sowie
369 1899 414 1948 der
434 1897 468 1948 im
486 1897 591 1959 iibrigen
608 1899 766 1950 unbekannte
785 1898 817 1949 Μ.
836 1899 969 1964 Vigellius.

173 1983 240 2018 mm
257 1971 357 2028 amicae,
378 1967 448 2017 nicht
465 1984 511 2018 am.
523 1984 596 2030 meus,
615 1968 664 2018 wie
684 1968 747 2017 kurz
766 1969 858 2018 vorhor
878 1986 944 2020 meua
955 1969 1093 2034 familiaria
1110 1969 1161 2018 und

83 2036 229 2101 iiberhuupt
243 2034 401 2098 gowdhnlich
415 2035 456 2085 bei
471 2036 632 2087 Ausdriickcn
651 2037 695 2086 der
708 2035 894 2087 Freundsobast
905 2039 943 2087 od.
958 2035 1161 2087 bekanntschalt.

175 2103 306 2166 ranutius,
326 2105 417 2154 niicbst
430 2104 497 2154 Zeno
516 2104 567 2154 und
580 2104 733 2171 Chrysippus
750 2107 795 2156 der
806 2105 987 2157 bedentendste
999 2104 1101 2156 Stoiker
1111 2107 1161 2156 und

84 2172 192 2224 rreum
211 2174 254 2222 dos
270 2172 395 2237 jiingoren
413 2173 504 2238 Scipio,
524 2172 621 2238 Liilius,
638 2173 734 2224 Mucius
752 2191 776 2226 u.
796 2190 818 2226 a.

174 2245 203 2291 de
219 2246 448 2296 finctetomc‘mm.
468 2243 519 2297 Der
532 2241 625 2293 Zusutz
638 2247 761 2294 bominum
779 2242 876 2294 scheint
889 2242 960 2293 darin
975 2242 1059 2294 seinon
1074 2241 1162 2294 Grund

83 2328 116 2362 zu
133 2310 226 2373 haben,
252 2311 310 2360 dass
328 2312 376 2361 den
395 2310 428 2359 im
446 2311 606 2377 praktischen
627 2311 710 2362 leben
729 2312 782 2362 sicb
798 2311 968 2376 bewegenden
984 2311 1098 2362 Rednern
1113 2327 1162 2361 vor

83 2382 133 2431 den
153 2379 194 2428 die
211 2376 421 2430 Menscbennutur
443 2377 554 2430 vielsacb
571 2381 775 2444 verlcugnendcn
793 2380 910 2431 Stoikern
928 2381 973 2430 der
991 2381 1094 2445 Vorzug
1106 2379 1161 2430 vin-

84 2447 164 2498 dicirt
183 2449 286 2498 werden
304 2449 361 2503 soll.

174 2519 218 2568 te.
233 2519 392 2578 philosophia.
430 2513 546 2566 Gemeint
562 2516 597 2566 ist
614 2517 809 2582 vorzugsweise,
835 2517 884 2568 wie
903 2520 968 2568 auch
986 2524 1056 2568 sonst
1073 2517 1099 2567 in
1117 2518 1162 2567 der

83 2585 174 2650 Regel,
195 2584 235 2634 die
252 2584 338 2648 Ethik,
358 2601 390 2634 nn
407 2585 520 2635 welcher
533 2585 641 2651 positive
651 2582 802 2638 Renntnisso
821 2603 866 2637 aus
881 2585 1162 2638 bestimmtenFiichern

85 2653 203 2718 weniger
221 2651 385 2704 erforderlioh
402 2669 498 2704 waren.
834 2667 836 2670 ·

131 2751 137 2761 ·
173 2727 331 2773 mmicievon
346 2726 445 2784 musica,
465 2739 547 2773 omem:
568 2723 612 2774 der
629 2724 753 2788 h'aiuligsto
765 2724 897 2774 Ausdruek
914 2721 955 2774 fiir
974 2721 1082 2786 ‘Musik',
1102 2738 1130 2773 so
1140 2721 1161 2778 I.

87 2794 112 2856 3,
134 2792 181 2853 10;
200 2793 243 2854 42,
264 2793 320 2856 181,
339 2806 380 2840 wo
402 2807 428 2842 es
450 2792 513 2840 auch
530 2790 575 2840 mit
592 2797 720 2858 peometre'a
738 2791 983 2855 zusammengestellt
999 2791 1042 2857 ist,
1060 2809 1084 2842 u.
1104 2807 1126 2841 o.

176 2861 245 2910 Haec
256 2877 318 2922 vero,
337 2877 399 2925 quae
416 2869 474 2912 auct
491 2864 518 2910 c'n
527 2863 599 2924 petz„
619 2859 812 2925 Umscbreibung
822 2859 877 2913 ffir:
899 2862 943 2911 das
956 2859 1160 2926 Philosopbische

88 2929 147 2978 odor
167 2928 214 2977 der
232 2927 299 2978 stoff
314 2930 359 2978 der
376 2927 470 2979 Philus.
489 2929 558 2978 uber.

174 3013 279 3060 quoque,
297 3013 317 3046 s.
338 3013 361 3048 z.
382 2999 424 3062 28,
444 2999 507 3050 109:
528 3000 614 3047 tribue.

173 3068 321 3128 otmundum,
341 3066 395 3130 vgl.
415 3065 433 3116 1.
454 3068 496 3131 34,
516 3068 578 3119 158:
605 3069 775 3130 disputandum
797 3070 825 3118 de
846 3070 913 3117 omni
933 3084 960 3116 rc
984 3071 1011 3116 in
1028 3072 1161 3119 contrariae

84 3137 164 3198 parto
183 3145 213 3196 et,
231 3138 348 3200 quicquid
364 3138 410 3186 crit
428 3140 455 3184 in
467 3151 603 3198 quoquere,
621 3138 817 3200 quodprotaoue
825 3139 995 3199 tredecimam,
1014 3139 1160 3187 attenedum.

176 3207 303 3254 emtione
318 3208 431 3266 oratione,
450 3203 587 3253 obiastiscb
596 3204 651 3253 dem
663 3205 885 3268 vorhorgenenden
895 3209 998 3270 inuenit?
1008 3209 1162 3269 micatque

86 3275 186 3324 aarum
210 3268 390 3337 entsprechend
410 3273 461 3322 und
480 3271 508 3320 in
527 3271 725 3323 condicionalem
743 3271 819 3324 Sinne
837 3290 868 3323 zu
887 3275 1004 3337 nebmon3
1024 3272 1075 3337 vgl.
1098 3274 1162 3322 auch

85 3341 105 3395 1.
128 3344 171 3404 18,
194 3341 241 3392 83:
258 3345 343 3406 lincea
361 3344 434 3394 celeri
451 3344 624 3393 occaecata.

170 3411 315 3472 poliuntur:
335 3409 362 3458 in
380 3410 612 3474 gescbmcckvoller
629 3409 704 3460 Fortu
720 3411 870 3474 durgostellt
891 3411 1001 3461 werden.

175 3483 199 3529 σι’
217 3483 298 3529 minus
312 3503 345 3520 =
359 3483 429 3530 etiam
446 3484 470 3530 rc·
486 3483 573 3529 mimo.

173 3549 238 3598 Hic:
255 3546 292 3596 Da
311 3547 377 3597 wind
396 3564 445 3596 nun
463 3575 506 3610 -,
526 3548 549 3598 d.
569 3548 595 3598 h.
614 3562 654 3595 wo
673 3562 700 3598 es
720 3546 774 3598 sich
796 3563 837 3597 mn
856 3547 940 3598 solcbe
960 3545 1160 3612 pbilosophische

85 3616 519 3683 Gegenstiiudebapdelt,vgl.1,3;
537 3616 608 3666 ctist
623 3615 761 3680 concessiv,
779 3617 827 3667 wic
841 3616 901 3667 oben
920 3621 945 3679 4,
967 3618 1011 3678 14,
1028 3613 1047 3665 1.
1064 3617 1104 3677 14,
1115 3616 1162 3678 633

84 3685 117 3739 11.
132 3689 166 3739 36
191 3687 239 3738 153
252 3702 277 3736 u.
296 3701 318 3735 o.

169 3724 235 3804 'utos
252 3757 348 3818 quidem
365 3757 457 3804 meus:
480 3752 520 3802 die
540 3755 634 3804 vorher
659 3759 800 3817 genannten
819 3751 985 3817 Philosopben
1009 3752 1061 3801 und
1080 3751 1160 3804 Loute

89 3824 162 3875 ihrer
179 3822 236 3876 Art.

175 3894 216 3944 80.
237 3892 377 3942 Aristotelio
395 3907 467 3953 more,
487 3892 510 3941 d.
531 3891 556 3940 b.
571 3899 688 3953 popum
707 3891 747 3955 (de
768 3889 809 3941 fin.
824 3888 854 3940 11.
875 3891 898 3954 1,
912 3890 936 3953 3)
955 3890 1015 3940 oder
1030 3892 1164 3941 continenti

87 3960 172 4020 l‘lbrsc.
192 3959 254 4025 disp.
272 3959 291 4010 l.
311 3962 335 4023 8,
356 3959 400 4023 16)
419 3964 527 4010 oratiom
542 3963 570 4010 c'n
590 3969 715 4024 utramque
727 3967 822 4022 portem
842 3956 896 4023 (fiir
909 3957 960 4008 und
973 3959 1064 4025 wider)
1076 3963 1161 4021 dicere,

88 4031 170 4080 daher
186 4027 244 4078 hier
260 4033 378 4080 matiorm
395 4032 520 4092 explicere.
