2756 4520
143 299 145 306 '
197 303 238 366 2ss
432 301 474 352 llE
493 301 647 354 OllA'l'OllE
664 303 708 354 lib.
721 302 762 353 lll.
782 319 836 370 sap.
852 307 874 358 8.
895 303 1041 368 §stt-31.

196 476 270 537 pura
286 457 337 530 sic,
361 465 393 518 ut
408 457 508 517 Latine
523 458 605 536 loqui
618 477 710 538 paene
724 460 805 520 solus
820 459 961 530 videatur,
981 460 1024 520 sio
1044 470 1142 520 autem
1162 461 1273 539 gravio,

199 551 230 604 ut
242 544 273 603 iu
291 543 430 620 singulari
446 543 582 620 dignitate
599 546 696 605 omnis
710 553 809 606 tamen
831 545 905 605 adsit
928 544 1093 606 humanitas
1117 564 1152 606 ac
1177 547 1275 624 lepos,

198 627 274 702 Quid
293 624 406 688 multa?
423 627 513 687 istum
530 629 651 690 audiens
668 631 805 708 equidem
820 631 862 690 sic
877 630 1007 689 iudicare
1019 630 1110 702 soleo,
1128 631 1273 709 quicquid

199 722 250 774 aut
264 713 410 774 addideris
424 723 476 774 aut
490 716 648 776 mutaveris
669 725 720 777 aut
742 716 910 788 detraxeris,
933 714 1066 776 vitiosius
1089 725 1118 776 et
1141 717 1274 778 deterius

143 804 184 854 30.
199 801 344 860 futurum.
387 799 480 870 Quid,
503 808 603 860 noster
626 801 673 860 hic
695 800 799 862 Caesar
816 819 917 860 nonne
932 819 1040 860 noram
1057 801 1207 878 quandam
1221 821 1274 861 ra-

120 923 122 928 ·
198 885 308 945 tionem
327 883 421 944 attulit
435 885 574 944 orationis
590 894 619 945 et
629 886 744 946 dicendi
759 904 852 964 genus
862 886 977 946 induxit
990 903 1084 964 prope
1097 883 1275 966 singulare?

114 995 116 1000 ·
198 970 270 1042 Quis
287 987 426 1048 umquam
443 988 490 1029 res
506 981 620 1048 praeter
634 971 715 1031 huuc
728 971 849 1050 tragicas
866 990 958 1050 paene
973 972 1095 1049 comice,
1114 973 1204 1032 tristis
1221 991 1274 1032 re-

179 1055 297 1127 misse,
320 1074 436 1116 severas
451 1055 550 1127 hilare,
567 1057 694 1117 lorensis
711 1057 843 1118 scaenica
861 1073 955 1136 prope
969 1065 1122 1116 venustate
1138 1058 1275 1118 tractavit

197 1149 285 1219 atque
306 1141 353 1212 ita,
380 1149 413 1200 ut
433 1158 530 1218 neque
544 1140 628 1202 iocus
644 1142 845 1220 magnitudine
861 1161 961 1202 rerum
985 1142 1193 1202 excluderetur
1214 1161 1273 1202 uec

143 1227 183 1278 31.
198 1226 321 1305 gravitas
336 1224 446 1286 facetiis
462 1223 668 1287 minueretur?
697 1227 772 1287 Esse
788 1237 956 1306 praesentes
971 1227 1032 1286 duo
1046 1245 1143 1306 prope
1158 1245 1271 1306 aequa-

197 1312 238 1371 les
255 1310 401 1387 Sulpicius
416 1318 444 1370 et
458 1310 547 1370 Cotta.
582 1312 658 1385 Quid
674 1320 732 1371 tam
749 1313 825 1372 inter
840 1332 872 1372 se
887 1309 1052 1374 dissimile?
1075 1311 1147 1390 quid
1162 1322 1223 1373 tam
1239 1313 1273 1373 iu

198 1414 252 1456 suo
268 1414 375 1473 gernere
390 1393 562 1472 praestans?
604 1397 734 1457 Limatus
751 1398 822 1457 alter
838 1407 866 1457 et
881 1398 1010 1477 subtilia,
1032 1416 1094 1458 rem
1119 1399 1271 1476 explicans

197 1481 324 1560 propriis
339 1482 470 1558 aptisque
485 1480 591 1540 verbis.
634 1482 740 1543 Haeret
754 1482 785 1542 iu
802 1501 888 1543 causa
905 1501 1022 1562 semper
1046 1492 1074 1542 et
1091 1483 1162 1561 quid
1178 1483 1270 1544 iudici

279 1658 356 1698 autem
373 1649 411 1698 als
423 1649 463 1698 die
473 1649 630 1700 sohw'aichste
642 1649 907 1716 Adversatirpartilrel
916 1649 986 1700 liihrt
996 1649 1095 1701 sinlach
1106 1652 1147 1702 die
1158 1651 1225 1702 llede
1240 1669 1272 1703 zu

196 1724 331 1767 etwasvon
340 1716 394 1766 dem
403 1717 629 1780 Vorhergehenden
636 1719 838 1769 Verschiedeuen
847 1720 947 1770 weitsr:
966 1721 1016 1770 und
1026 1721 1181 1770 andrerseits
1191 1723 1269 1774 auch.

281 1791 309 1836 in
327 1791 448 1852 sinpulsri
463 1791 577 1850 dipnitate
594 1787 698 1837 vertritt
716 1787 788 1837 einen
804 1787 1006 1838 Concessivsatz:
1026 1795 1095 1838 trotz
1110 1790 1149 1842 od
1163 1791 1203 1840 bei
1223 1820 1238 1826 -
1261 1809 1269 1854 ς

196 1860 284 1906 omnis:
300 1853 358 1918 che
378 1854 427 1904 art
446 1872 496 1904 von
513 1873 536 1904 u.
556 1871 575 1905 s.
596 1871 628 1905 w.

281 1926 418 1975 hunanitas
434 1942 462 1974 aa
482 1929 553 1988 lepos,
576 1923 624 1988 vgl.
645 1924 673 1973 ll.
687 1927 730 1987 ot,
743 1927 807 1976 270:
834 1927 954 1976 Socratem
972 1928 1058 1986 opinor
1078 1929 1106 1976 in
1124 1929 1171 1977 itae
1189 1932 1278 1977 ironia

196 1997 419 2056 dissimulantiaque
447 1998 515 2057 lonpe
544 1998 622 2054 lepore
647 2004 668 2044 et
701 1997 848 2044 humanitate
881 1991 1013 2060 (goidllige
1037 1991 1124 2060 Fortu)
1162 1999 1273 2046 omuidm

193 2066 347 2124 praestitisse.
1158 2097 1161 2102 ·

279 2131 554 2192 alteterius—futurum,
566 2129 639 2179 neml.
647 2131 699 2190 das,
713 2145 765 2179 was
777 2131 855 2179 durch
863 2127 1216 2194 diedenderungsutstandeu
1224 2131 1270 2183 ist.

185 2223 186 2230 .
283 2201 323 2252 30.
343 2209 423 2250 noster
442 2199 589 2248 bezeichnet
606 2199 650 2248 das
670 2198 840 2248 vertrauliehe
858 2198 1026 2260 Verhiiltniss‚
1053 2203 1093 2250 lia
1115 2201 1155 2250 die
1176 2202 1272 2251 linwe-

195 2267 294 2318 senheit
315 2267 416 2318 Cisars.
444 2267 502 2329 Vgl.
517 2283 539 2318 a.
561 2269 584 2328 3,
606 2270 651 2319 to:
671 2266 697 2316 C.
714 2266 764 2316 lul.
784 2265 872 2317 Ciisar.

282 2339 499 2398 novun—attulit,
518 2335 570 2399 vgl.
581 2334 610 2384 ll.
622 2339 664 2398 23,
675 2337 720 2388 98:
738 2339 803 2400 quod
819 2347 839 2386 et
858 2341 885 2386 in
897 2339 965 2386 vedis
973 2339 1135 2387 animaduerti
1151 2348 1212 2388 reete
1223 2355 1272 2400 pe-

196 2415 247 2467 test,
267 2410 352 2456 Caesar
369 2415 391 2454 et
408 2408 480 2466 Ootta,
498 2421 601 2469 quorum
619 2409 679 2454 ulter
696 2408 839 2456 inusitatum
856 2409 945 2455 nostris
962 2409 1058 2468 quadam
1076 2410 1212 2456 oratoribus
1235 2412 1271 2458 le-

191 2491 276 2535 porem
293 2477 410 2537 quendam
428 2484 450 2524 et
472 2479 552 2534 solen,
575 2477 635 2523 ulter
658 2477 822 2524 aautt'ssimum
838 2483 859 2524 et
876 2476 1057 2524 subtilissimum
1082 2477 1179 2525 dicendi
1194 2493 1273 2540 penus

195 2553 229 2593 est
246 2553 388 2593 consecutus.
410 2541 448 2591 Zu
467 2547 549 2593 attulit
566 2543 606 2601 (aa.
624 2546 657 2592 ad
672 2552 778 2592 nostram
796 2547 891 2592 dicandi
907 2546 1104 2592 consuetudinem
1118 2566 1153 2584 =
1163 2545 1271 2595 brachie

196 2608 249 2672 auf)
261 2611 310 2674 vgl.
319 2609 391 2660 Tusa.
398 2611 459 2676 disp.
465 2609 485 2673 l,
494 2613 517 2662 3.
524 2615 553 2662 6:
571 2616 594 2661 si
598 2613 694 2674 aliquid
698 2616 817 2661 oratoriae
823 2615 903 2662 laudis
911 2621 995 2661 nostra
1004 2616 1131 2662 attulimus
1139 2617 1271 2665 industria.

283 2683 379 2730 samiae:
404 2679 449 2730 aul
464 2679 518 2729 eino
537 2680 581 2730 der
600 2679 716 2729 Comddie
735 2681 929 2746 entspreehoude
949 2679 1036 2730 Weiss
1063 2679 1126 2746 (last
1152 2681 1201 2732 wia
1229 2683 1270 2732 ein

198 2746 333 2810 llomilrer),
352 2753 460 2799 remisse:
476 2746 522 2798 aul
537 2748 628 2798 lsiehte
647 2747 703 2800 Art.
822 2746 825 2752 ’

282 2835 374 2868 senuas
396 2821 481 2878 hilare,
505 2816 618 2867 dersalbe
640 2813 782 2880 Gegeosatz
805 2815 854 2867 wie
879 2817 909 2866 de
933 2816 972 2865 off.
992 2815 1011 2870 l.
1032 2819 1073 2880 30,
1094 2821 1157 2872 108:
1186 2825 1212 2870 iu
1232 2823 1271 2872 M.

198 2886 286 2934 Scauro
303 2897 324 2936 et
341 2890 367 2935 in
385 2889 423 2936 M.
441 2889 525 2937 Druso
543 2889 689 2936 adulescente
709 2888 842 2949 sindularis
859 2889 978 2946 sacerdus,
1003 2891 1030 2936 in
1048 2889 1073 2936 0.
1093 2890 1176 2938 Laelio
1194 2894 1271 2940 multu

197 2954 315 3004 hilaritas.
335 2953 468 3005 Wiihrend
478 2954 502 3003 in
520 2955 567 3004 dou
586 2957 696 3007 dorstet
716 2951 835 3003 Gliedern
845 2954 885 3002 ein
898 2953 1008 3016 einzigor
1022 2952 1164 3018 ngensatz
1176 2957 1271 3007 durch-

198 3019 298 3083 geliihrt
316 3021 360 3084 ist,
379 3022 524 3072 bezeichnet
542 3024 586 3072 das
605 3023 687 3072 viarte
705 3021 746 3072 fiir
764 3022 818 3072 siclt
832 3021 907 3072 allain
928 3023 975 3072 den
987 3021 1131 3086 Gogensatz
1142 3025 1270 3076 zwisalten

198 3090 243 3138 der
261 3089 428 3140 schlichteran
447 3090 616 3141 lorensischcn
637 3092 685 3141 und
707 3091 751 3141 der
773 3091 961 3140 kiinstlicheren
980 3091 1165 3144 dramatischen
1186 3093 1270 3146 Fortu.

288 3161 328 3210 31.
349 3161 416 3220 Erae,
433 3159 457 3207 io
478 3161 522 3210 der
535 3158 693 3224 Aulziihlung
707 3160 853 3236 gebraucht,
872 3176 912 3209 um
927 3160 967 3210 die
980 3158 1212 3213 Aulmerlrsamlreit
1227 3163 1273 3214 aul

198 3226 239 3278 eiu
257 3242 332 3277 neues
354 3226 462 3292 Beispiol
480 3228 652 3291 hinzulenkon,
677 3230 741 3278 wird
766 3235 836 3278 soost
860 3227 1017 3292 gewiihnlish
1043 3229 1089 3278 mit
1113 3241 1192 3282 autem
1209 3234 1271 3282 oder

195 3299 237 3346 aed
254 3296 406 3361 verbunden,
425 3295 477 3360 vgl.
498 3297 567 3345 Bmt.
585 3299 625 3359 33,
646 3299 708 3351 125:
733 3301 781 3348 Sed
802 3314 851 3349 aare
867 3303 895 3347 in
915 3301 1025 3348 manibus
1044 3304 1083 3349 air
1101 3310 1122 3349 et
1136 3311 1270 3362 maustau-

195 3369 286 3416 tissima
305 3369 401 3429 inuenio
421 3375 443 3415 et
461 3369 579 3428 flaprami
596 3371 673 3417 studio
694 3379 715 3418 at
733 3371 814 3418 doetus
831 3383 937 3429 apuam
956 3372 979 3418 0.
999 3369 1129 3419 Graculus.

283 3435 493 3493 autumamus
510 3451 535 3483 se
552 3437 680 3486 dissimile?
699 3444 747 3486 eet.
784 3435 843 3502 Vgl.
862 3436 931 3485 Brut.
951 3439 990 3494 56.
1012 3438 1077 3489 204:
1103 3441 1131 3487 in
1152 3441 1192 3488 lis
1213 3456 1269 3490 ora-

194 3507 286 3553 toribus
310 3507 374 3554 illud
392 3506 628 3554 animaduertendum
651 3515 694 3566 est,
714 3523 784 3568 posse
804 3521 851 3556 esse
875 3521 987 3565 summos,
1012 3510 1058 3569 qui
1082 3510 1146 3557 iuter
1169 3525 1194 3558 se
1216 3511 1271 3558 sint

194 3576 327 3624 dissimiles.
346 3574 418 3622 Ntttt
433 3576 496 3622 enim
515 3582 563 3622 tam
581 3576 696 3624 dissimile
712 3591 784 3638 quam
803 3578 868 3625 detta
885 3576 1000 3636 Sulpicio,
1020 3584 1041 3624 et
1058 3585 1158 3639 uterque
1177 3592 1269 3640 aequo-

197 3645 259 3691 llluc
273 3645 325 3692 suis
339 3645 476 3704 pluremum
489 3644 618 3703 praestitit.

281 3713 379 3760 Haeret.
398 3710 456 3774 Vgl.
475 3727 497 3760 z.
517 3713 540 3765 9.
562 3713 607 3761 32:
626 3727 779 3760 comemorans.

280 3782 342 3842 quid
354 3782 430 3829 iudici
441 3782 597 3841 molendum
615 3784 654 3840 sit,
674 3779 697 3826 d.
712 3778 729 3827 i.
748 3776 876 3842 derjeuigo
895 3778 999 3841 testeis,
1020 3795 1068 3828 rou
1083 3779 1202 3829 welchem
1218 3780 1267 3831 deu

196 3843 299 3896 Richter
316 3863 347 3896 zu
364 3847 521 3910 iiberzeugeu
540 3863 577 3897 am
601 3845 853 3896 znteclrdienlichsten
872 3847 912 3896 ist.
953 3847 1009 3912 Vgl.
1030 3847 1058 3898 ll.
1079 3851 1119 3911 24,
1141 3851 1201 3900 102:
1218 3850 1271 3906 Qui

195 3918 258 3966 laeua
276 3925 309 3966 est
327 3919 389 3978 talis,
410 3927 438 3967 ut
450 3922 510 3980 plue
527 3921 610 3968 doleat
629 3919 763 3966 adiumenti
785 3934 857 3980 quam
874 3921 1023 3978 incommodi,
1042 3919 1107 3966 duna
1127 3920 1203 3968 iudico
1217 3935 1269 3968 eoae

196 3988 338 4044 dicendum·
355 3989 397 4036 uli
408 3990 467 4047 plus
484 3990 543 4036 mali
559 4002 630 4049 quum
648 3987 705 4034 doni
722 3988 822 4047 reperio,
841 3989 869 4034 id
885 3997 958 4037 totum
975 3989 1084 4037 abiudico
1110 3997 1180 4050 atque
1200 3989 1265 4036 eino
