2760 4520
220 333 281 399 176
413 330 456 382 ΒΕ
476 325 646 396 duntone,
659 327 702 378 lib.
721 327 749 382 ll.
771 343 825 396 esp.
845 330 886 382 tr.
905 329 920 390 δ
938 329 1087 382 stt-ets.

216 490 263 550 vel
292 496 324 549 ut
351 493 468 547 nosmet
494 485 551 564 ipsi
577 482 701 546 ornandi
723 501 810 544 eausa
832 483 1015 544 Graecorum
1037 502 1140 557 more,
1167 485 1295 565 siquos

217 575 356 646 velimus,
385 571 503 632 laudare
530 569 695 649 possimus,
724 569 763 630 sit
783 587 800 629 a
822 569 909 630 nobis
939 587 1062 648 quoque
1083 577 1224 632 tractatus
1249 571 1296 632 bic

141 665 203 716 342.
215 661 308 724 loeus.
350 657 544 735 Perspicuum
566 665 610 715 est
630 654 719 732 igitur
739 653 792 714 alia
814 654 926 716 esseio
941 653 1063 715 homine
1078 655 1218 734 optanda,
1241 657 1296 718 alie

215 743 368 808 laudanda.
412 742 521 813 Genus,
544 742 648 812 torma,
671 740 757 811 vires,
786 757 867 817 opes,
890 739 1006 800 divitiam
1022 749 1195 820 ueniaque,
1218 759 1295 820 quae
1361 751 1362 766 t

216 833 335 892 fortuna
363 827 412 888 dat
440 835 491 888 aut
519 825 701 886 extrinsecus
730 833 781 886 aut
810 825 947 904 corpori,
978 842 1041 884 non
1074 825 1185 888 babent
1206 826 1240 888 in
1263 847 1294 888 se

215 933 316 976 veram
340 912 473 987 laudem,
505 929 581 990 quae
611 909 710 970 deberi
738 909 840 971 viruit
863 910 914 970 uni
934 919 1071 988 putatum
1109 912 1163 972 sed
1185 921 1293 988 tamen

217 1000 297 1080 quod
318 999 382 1078 ipsa
404 998 495 1058 virtus
516 997 548 1057 in
569 1013 670 1056 earum
691 1012 794 1056 rerum
816 1013 874 1056 usu
894 1013 928 1056 ae
944 995 1150 1057 moderatione
1165 999 1293 1059 maxime

107 1157 109 1162 ,
216 1086 361 1157 cernitur,
390 1082 538 1144 tractanda
565 1081 597 1142 in
625 1079 841 1142 laudationibus
871 1081 957 1141 etiam
979 1081 1053 1141 haee
1074 1091 1149 1143 sunt
1169 1093 1292 1144 naturae

217 1179 245 1233 et
266 1173 402 1231 fortunae
429 1167 522 1240 bona,
551 1167 582 1227 in
612 1165 720 1245 quibus
745 1173 788 1227 est
809 1182 927 1227 summa
948 1166 1029 1227 laus:
1068 1185 1132 1227 non
1153 1168 1293 1230 extulisse

218 1276 249 1318 se
278 1256 309 1316 in
338 1260 495 1333 potestate,
524 1269 586 1313 non
614 1251 706 1312 fuisse
730 1250 907 1312 insolentem
935 1251 967 1311 in
993 1252 1147 1331 pecunias
1167 1271 1247 1317 noni
1264 1273 1293 1314 se

217 1340 389 1422 praetulisse
410 1338 470 1399 aliis
491 1346 612 1417 propter
634 1335 850 1398 abundantiam.
864 1338 1017 1409 tortuna03
1041 1347 1075 1398 ut
1097 1355 1171 1416 opes
1193 1348 1222 1401 et
1242 1358 1292 1400 oo·

219 1427 283 1506 piae
303 1442 365 1484 non
384 1422 537 1503 superbiae
557 1423 709 1483 videantur
730 1439 763 1482 ao
784 1421 912 1494 libidini,
947 1422 999 1482 sed
1022 1421 1147 1486 bonitati
1168 1441 1203 1484 ao
1225 1443 1291 1486 mo-

143 1515 205 1566 343.
219 1509 361 1572 deuotioni
383 1509 548 1570 facultatem
567 1516 596 1568 et
616 1506 766 1588 materiam
788 1507 913 1568 dedisse.
956 1507 1056 1568 Virtus
1078 1517 1196 1582 autem,
1219 1527 1292 1588 quae
1363 1575 1364 1588 ¹

219 1606 263 1658 est
284 1613 347 1674 per,
360 1613 391 1656 se
405 1594 468 1673 ipsa
481 1592 632 1654 laudabilis
650 1602 679 1654 et
693 1593 757 1654 sine
773 1609 831 1670 qua
846 1591 919 1652 nihil
933 1592 1045 1654 laudari
1060 1603 1167 1672 potest,
1192 1603 1290 1656 umen

219 1680 306 1742 babet
326 1680 417 1759 pluris
440 1680 539 1758 partis,
561 1696 688 1757 quarum
710 1677 763 1739 alia
785 1687 830 1739 est
847 1677 901 1740 alia
916 1677 1172 1743 adlaudationem
1189 1681 1289 1760 aptior.

219 1768 294 1829 Sunt
315 1766 394 1826 enim
414 1765 485 1826 aliae
506 1764 641 1837 virtutes,
671 1781 746 1842 quae
766 1763 903 1825 videntur
922 1763 954 1822 in
975 1764 1111 1826 moribus
1133 1765 1290 1826 hominum

218 1939 277 1987 Oura
297 1938 392 1998 epulum
409 1935 436 1992 Q.
454 1935 580 1984 Maximus
598 1935 625 1984 P.
644 1933 767 1996 Ast-s'eaui
787 1935 877 1995 patrui
902 1936 942 1982 eui
958 1936 1055 1984 stamine
1067 1939 1162 1996 populo
1183 1938 1290 1988 Bostaris

216 2003 635 2070 daret,ropatus(d.1lebero)est
652 2020 668 2058 a
685 2003 802 2064 Maximo,
823 2011 850 2051 ut
867 2003 1000 2052 triclinium
1016 2011 1143 2066 sterneret,
1161 2021 1216 2055 eum
1233 2014 1290 2055 esset
1364 2003 1365 2026 l

218 2077 311 2126 tutuo
335 2076 439 2126 eiusdem
457 2073 578 2135 Afrieaas'
603 2074 693 2121 sororis
714 2075 793 2133 filius.
829 2072 911 2134 Atque
934 2074 989 2132 ille,
1018 2074 1086 2122 dame
1112 2076 1289 2124 emds'tisss'rssus

217 2161 246 2196 aa
266 2145 371 2208 Staures,
397 2145 483 2192 strauit
500 2143 621 2202 petiisuls'e
643 2143 750 2190 taedius
774 2143 869 2191 tutatos
893 2141 1031 2190 Punieaaos
1054 2149 1076 2190 et
1100 2147 1212 2202 esposuit
1236 2159 1290 2192 rasa

219 2215 314 2264 damu:
343 2213 417 2278 quasi
436 2226 492 2262 rere
512 2219 569 2259 esset
588 2211 706 2274 Ds'openes
726 2212 829 2271 Opuieue
852 2217 963 2259 mortuus
982 2219 1004 2259 et
1023 2225 1073 2259 nau
1090 2213 1172 2261 diuini
1189 2213 1290 2262 bominis

218 2283 339 2346 Asriearri
361 2297 425 2331 more
450 2282 622 2329 honestaretur.
639 2304 672 2312 —
690 2281 774 2329 Huius
798 2281 825 2327 irs
850 2287 924 2328 marte
948 2280 1088 2328 celebranda
1109 2285 1218 2343 prauiter
1238 2283 1289 2332 tutet

212 2355 321 2416 papulus
332 2353 456 2401 Ronsanue
475 2351 537 2398 baur
549 2364 690 2410 perversam
708 2350 851 2410 sapientiam
870 2349 1008 2398 Manu.
1039 2349 1128 2411 anue
1145 2351 1214 2399 bouso
1232 2355 1288 2399 λαλο-

173 2459 177 2467 .
217 2425 351 2486 ροννλνααο,
374 2422 432 2468 atres
449 2421 563 2478 optimus,
587 2432 641 2467 eum
658 2425 717 2467 esset
734 2417 766 2466 L.
786 2418 859 2467 Pauli
875 2432 959 2478 nepos,
979 2418 1008 2466 P.
1026 2417 1160 2480 Asrieaas'‚
1186 2428 1214 2472 ut
1231 2421 1289 2481 disi,
1365 2453 1366 2456 κ

216 2491 311 2539 sororis
321 2491 401 2550 filius,
418 2489 457 2537 bis
473 2488 584 2537 taediare
599 2488 719 2547 pediculis
731 2494 850 2546 praetwa
867 2488 969 2535 ἄνασσαν
986 2495 1027 2536 est.

289 2559 406 2616 laudanti,
431 2570 489 2604 vom
506 2553 594 2619 Cenat,
616 2552 665 2604 wie
683 2553 738 2603 Cat.
759 2569 790 2604 m.
808 2558 833 2615 λ,
853 2555 899 2608 11:
927 2557 1016 2605 restitit
1032 2570 1120 2618 aptium
1137 2556 1255 2604 Ps‘eerstem
1270 2563 1290 2603 et

220 2629 341 2679 Gallinam
356 2627 447 2674 viritim
463 2632 547 2674 eontra
568 2632 663 2674 omues
675 2626 838 2673 austeritatem
853 2625 984 2683 dividenti·
1002 2621 1073 2672 Luel.
1087 2625 1129 2684 2⁰,
1144 2626 1191 2676 75:
1209 2639 1290 2673 reee-

222 2699 319 2746 Traiam
335 2695 501 2754 Neoptolemus
517 2707 599 2753 rapere
610 2696 739 2754 potuisset,
759 2695 783 2742 si
798 2694 954 2754 Lpemadem
967 2719 999 2728 -
1014 2695 1097 2742 mubs'e
1114 2709 1168 2742 oum
1187 2696 1288 2742 herim

219 2767 268 2816 iter
291 2779 361 2814 suum
385 2764 546 2824 tripudiantem
570 2764 657 2811 audire
680 2765 797 2812 voluisset.
833 2759 871 2810 De
894 2761 938 2810 das
955 2758 1026 2809 Part.
1046 2758 1135 2812 Prees.
1153 2762 1217 2812 auob
1237 2761 1288 2810 dem

223 2829 292 2898 lmpf.
311 2831 441 2895 eugubin,
460 2845 487 2880 so
503 2830 537 2880 ist
551 2827 610 2892 jene
628 2829 772 2893 bedeutung
789 2828 867 2880 leiebt
883 2828 1030 2879 erkldrlieb.

291 2905 328 2951 eet
343 2909 371 2951 ut
383 2925 415 2935 -
427 2903 526 2950 laudare
538 2902 673 2962 possimus,
696 2899 720 2948 d.
741 2899 765 2950 b.
784 2913 826 2948 om
843 2896 899 2948 eine
922 2895 1107 2948 Lobsebrift
1127 2895 1243 2948 abisssoo
1258 2912 1288 2945 zu

223 2969 330 3032 idoneo,
349 2967 419 3017 niebt
436 2967 490 3018 eine
509 2966 638 3017 tidentliob
655 2983 686 3018 zu
703 2966 822 3017 bellende
841 2966 986 3017 Lobrede.

293 3039 351 3090 342.
382 3038 475 3101 Genus,
493 3029 688 3102 faramodus.
711 3039 751 3099 tt,
773 3035 851 3099 dbff.;
880 3039 1053 3087 moderatum
1083 3033 1218 3084 messvolle
1236 3031 1287 3082 An-

224 3106 364 3169 wendung,
389 3103 439 3155 wie
454 3103 495 3155 lII.
515 3109 556 3168 57,
573 3107 639 3157 217:
670 3110 765 3156 nultum
784 3115 817 3156 est
832 3109 895 3156 euim
913 3108 1000 3155 boream
1015 3119 1143 3169 perreriae,
1167 3105 1229 3166 quod
1241 3118 1288 3152 uass

221 3185 276 3228 arte
301 3184 323 3226 et
348 3176 506 3225 ruderatione
535 3183 657 3225 λνοοιααν.
702 3174 765 3224 Zum
790 3172 874 3224 lnbolt
905 3173 957 3238 vgl.
983 3173 1091 3224 Aristot.
1118 3170 1192 3222 Rbet.
1216 3169 1235 3220 1.
1258 3172 1287 3221 9:

220 3241 317 3312 Ἀρετὴ
336 3238 364 3295 d'
386 3242 444 3292 tort
466 3242 519 3313 μὲν
544 3237 663 3314 δύναμις
681 3240 716 3302 ὡς
736 3242 815 3295 δοκεῖ
830 3237 975 3312 tropetensi]
995 3237 1114 3309 ἀγαθῶν
1133 3243 1181 3292 καὶ
1200 3240 1287 3310 φυλα-

224 3306 310 3379 araxi,
326 3313 374 3363 καὶ
392 3304 512 3380 δύναμις
528 3305 683 3385 εὖεργετινὴ
696 3313 809 3366 πολλῶν
819 3315 866 3364 καὶ
901 3307 1015 3379 spoliem,
1033 3313 1081 3362 καὶ
1098 3304 1213 3362 πάντων
1224 3309 1287 3378 περὶ

223 3377 327 3437 πάντα.
363 3382 445 3452 Μέρη
466 3379 498 3432 δὲ
515 3375 611 3452 ἀρετῆς
632 3375 810 3447 δικαιοσύνη,
830 3331 948 3453 ἀνολρία,
968 3375 1152 3451 σωφροσύνη,
1171 3377 1287 3450 μεγαλο-

224 3456 359 3523 πρέπεια,
405 3451 595 3518 εγαλοψοχία,
623 3445 828 3523 ἐλευθεριότης,
853 3445 990 3520 πραότης,
1016 3446 1166 3520 φρόνησις,
1188 3449 1286 3531 σοφία·

222 3519 330 3591 ἀνάγκη
357 3468 402 3573 δῖ
412 3524 547 3587 μεγίστας
569 3519 641 3572 εἶναι
667 3516 767 3592 ἀρετὰς
790 3515 841 3578 τὰς
868 3523 926 3578 τοῖς
953 3511 1049 3576 ἄλλοις
1069 3529 1286 3589 χρησιμωτατας,

156 3635 161 3644 .
223 3596 303 3664 εἴπερ
322 3591 399 3643 ἐστὶν
416 3583 431 3655 ἡ
451 3585 531 3655 ἀρετὴ
551 3586 670 3661 δύναμις
687 3585 851 3659 εὐεργετικη.

291 3677 340 3711 nan
359 3677 384 3712 ee
398 3661 544 3720 praestasse
561 3665 610 3709 eet.
628 3656 692 3708 iesst
716 3659 755 3708 die
780 3658 868 3708 beiden
893 3655 1114 3720 vorhergebonden
1130 3652 1228 3706 Glieder
1242 3666 1285 3699 zu-

222 3744 346 3790 sammen,
373 3725 481 3778 insulem
497 3727 537 3776 die
551 3737 656 3789 potestas
673 3727 763 3777 ebenso
782 3726 831 3777 wie
847 3724 887 3777 die
900 3729 1006 3788 puisaia
1023 3741 1054 3774 zu
1069 3724 1114 3774 dor
1124 3727 1226 3788 futura
1240 3734 1285 3783 ge-

226 3799 284 3848 hdrt
307 3799 358 3847 uod
379 3797 419 3846 die
442 3814 495 3858 opes
514 3794 645 3860 (Eintlnss,
671 3795 848 3860 blaebtmittel)
873 3795 1050 3858 terpeteius,
1075 3793 1115 3843 die
1134 3796 1211 3856 sapiae
1227 3787 1285 3838 eber

224 3868 270 3916 dei·
282 3870 387 3928 peeuuia
407 3866 577 3930 entspreobeu.

295 3937 352 3988 343.
382 3937 432 3983 atre
448 3944 482 3984 eet
498 3939 555 3986 atra.
591 3932 725 3984 Wliboend
748 3939 819 3983 sonst
841 3931 1020 3984 verschiedene
1037 3930 1144 3981 Formen
1162 3924 1283 3980 desselben

227 4002 332 4056 Wortes
350 4002 512 4052 uomittelbar
530 4002 609 4052 oeben
625 4000 745 4052 einander
761 4001 863 4066 gestellt
878 4002 989 4064 werden,
1009 4001 1107 4050 missen
1121 4000 1184 4051 doolt
1194 3993 1284 4061 gleiebe
