2756 4520
372 331 415 382 nu
435 329 598 396 onasum,
618 332 662 383 us.
680 332 722 385 111.
740 348 792 399 cap.
814 335 834 385 1.
852 331 868 398 5
889 336 964 386 2-4.
1153 334 1172 399 9

98 487 310 549 essealiud
334 487 561 560 consilium3
584 487 655 547 illo
675 497 810 548 senatu
827 505 953 548 serem
977 487 1171 568 publicam

99 593 171 653 ger
181 592 246 634 ere
261 591 335 633 non
349 591 483 651 posse,
509 590 595 632 mane
610 571 711 633 ldibu's
729 572 950 652 Septembribus
968 583 996 634 et
1011 575 1058 634 ille
1081 583 1108 634 et
1123 594 1171 634 se-

97 668 188 721 natus
204 662 347 737 frequens
362 667 466 718 vocatu
483 658 571 718 Drusi
591 657 622 717 in
645 658 757 718 curiam
772 659 860 718 venit.
901 657 945 718 lbi
968 677 1035 719 cum
1058 661 1173 721 Drusus

97 745 192 806 multa
208 745 245 806 de
261 743 397 822 Philippo
414 751 535 820 questus
553 752 637 812 esset,
653 743 763 804 rettulit
779 744 814 803 ad
832 753 965 804 senatum
981 749 1017 808 de
1032 745 1080 804 illo
1096 745 1171 823 ipso,

100 830 182 909 quod
200 830 231 889 in
248 847 316 890 eum
332 828 467 888 ordinem
484 828 588 888 consul
610 837 667 888 tam
692 830 816 906 graviter
832 829 863 889 in
880 829 1017 889 contione
1033 841 1109 890 esset
1124 831 1171 889 in·
1193 869 1196 876 ,

98 925 213 976 vectus.
239 914 302 992 Hic,
319 923 351 974 ut
367 931 454 992 saepe
469 913 546 974 iuter
561 913 696 974 homines
712 914 942 993 sapientissimos
958 923 1092 975 constare
1104 916 1174 987 vidi,
1187 916 1210 965 3.

97 1018 285 1080 quamquam
309 999 367 1058 hoc
384 999 499 1076 Crasso,
520 1016 588 1058 cum
604 999 711 1076 aliquid
729 999 891 1060 accuratius
908 999 1036 1073 dixisset,
1055 1019 1173 1078 semper

98 1090 164 1146 fere
188 1085 368 1163 contigisset,
394 1091 425 1144 ut
446 1101 611 1161 numquam
634 1083 741 1144 dixisse
764 1085 869 1146 melius
892 1094 1052 1163 putaretur,
1073 1094 1171 1146 tamen

99 1171 239 1232 omnium
257 1187 405 1230 consensu
426 1169 469 1229 sic
487 1187 550 1229 esse
572 1169 740 1242 iudicatum,
764 1178 877 1230 ceteros
899 1171 1034 1231 aCrasso
1056 1189 1173 1249 semper

100 1257 214 1329 omnis,
237 1255 287 1315 illo
302 1263 400 1316 autem
423 1255 470 1314 die
492 1254 576 1324 etiam
596 1255 693 1331 ipsum
708 1274 723 1314 a
741 1274 772 1315 se
788 1263 969 1333 superatum.
1007 1256 1174 1334 Deploravit

98 1342 181 1402 enim
210 1358 311 1400 casum
333 1348 420 1417 atque
443 1337 596 1399 orbitatem
619 1348 754 1413 senatus,
777 1341 861 1401 cuius
885 1340 997 1402 ordinis
1012 1360 1028 1401 a
1043 1341 1173 1420 consule,

100 1429 153 1504 qui
170 1425 257 1505 quasi
272 1443 378 1505 parens
394 1424 491 1484 bonus
507 1434 556 1484 aut
571 1433 651 1486 tutor
664 1425 756 1485 tidelis
781 1445 846 1486 esse
867 1425 1001 1502 deberet,
1025 1435 1176 1503 tamquam

102 1511 255 1590 abaliquo
277 1510 391 1571 nefario
413 1509 562 1588 praedone
582 1510 757 1589 diriperetur
778 1511 989 1589 patrimonium
1012 1508 1173 1590 dignitatis3

104 1615 206 1675 neque
223 1615 294 1656 vcro
310 1614 374 1656 esse
388 1595 565 1668 mirandum,
587 1596 620 1671 si,
637 1613 705 1655 cum
724 1595 785 1656 suis
804 1597 933 1656 consiliis
948 1615 1010 1656 rem
1027 1596 1171 1675 publicam

100 1683 297 1761 profligasset,
306 1679 459 1740 consilium
469 1690 611 1741 senatusa
621 1681 774 1760 republica
783 1681 957 1759 repudiaret.
973 1681 1027 1741 Hic
1037 1700 1103 1741 cum
1116 1683 1172 1741 lro-
1187 1685 1211 1734 l·

103 1768 177 1830 mini
193 1776 224 1827 et
238 1766 402 1826 vehementi
411 1774 439 1826 et
451 1765 558 1826 diserto
571 1766 637 1826 etin
646 1767 748 1844 primis
758 1767 825 1827 forti
837 1765 872 1826 ad
884 1767 1090 1838 resistendum,
1101 1767 1172 1827 Plri-

98 1921 229 1969 Antcniua
244 1919 430 1979 probabiliorem
449 1917 493 1968 boc
504 1923 594 1979 popule
614 1922 743 1969 orationem
753 1919 809 1981 sore
826 1921 932 1969 censebat
944 1935 1020 1980 suam,
1040 1922 1063 1968 si
1075 1923 1173 1968 alanino

100 1991 216 2038 didicisse
232 2003 364 2049 reumquam
376 1996 514 2046 putaretur.

187 2065 282 2116 cecata,
302 2054 342 2104 ein
362 2054 470 2105 seltenes
489 2054 568 2104 Wort
584 2055 634 2104 und
652 2054 692 2104 bei
711 2053 761 2104 Cic.
780 2054 848 2104 wolrl
866 2069 912 2102 nur
930 2070 962 2104 an
984 2054 1066 2104 dieser
1078 2053 1172 2116 Stelle3

99 2125 149 2188 vgl.
169 2128 195 2183 6,
219 2124 263 2175 23:
281 2127 407 2174 instructu.
437 2121 554 2186 Hiiullger
569 2123 603 2172 ist
621 2124 666 2173 das
680 2126 728 2188 2,7
748 2122 861 2187 folgende
879 2141 994 2174 conceasu.
1015 2124 1065 2172 Der
1079 2123 1173 2173 Volks·

98 2194 184 2244 tribun
204 2189 288 2241 durfte
304 2207 389 2242 ausser
407 2192 461 2242 dem
474 2191 599 2255 Dictator,
618 2191 717 2254 Consul,
739 2190 833 2242 Priitor
845 2192 895 2259 und
907 2190 1022 2242 interrex
1032 2193 1080 2241 und
1095 2193 1173 2242 selbst

98 2277 180 2326 gegcn
201 2261 277 2310 deren
300 2260 396 2312 Willen
417 2261 462 2310 den
481 2260 559 2310 Senat
577 2259 690 2312 bcrulcn.

185 2334 271 2381 consui
288 2329 337 2378 wic
355 2327 371 2394 ξ
386 2333 399 2379 3
420 2330 467 2378 mit
483 2327 634 2378 Nachdruck
651 2329 729 2379 nebeu
748 2346 800 2380 eum
812 2333 920 2380 ordinem
932 2334 1037 2394 gesctzt,
1056 2328 1172 2379 weilvou

99 2399 149 2448 ihm
169 2397 297 2447 viclmebr
317 2398 360 2447 das
371 2397 521 2462 Gcgentheil
539 2414 569 2447 zu
588 2405 713 2447 erwartcn
728 2413 790 2459 war,
810 2398 860 2462 vgl.
873 2415 896 2463 p.
912 2397 977 2448 Sest.
993 2401 1031 2460 19,
1047 2399 1093 2450 42:
1114 2415 1173 2448 con-

99 2471 171 2530 antes,
191 2470 239 2530 qui
246 2471 315 2516 duces
323 2471 419 2528 publici
427 2470 524 2518 consilii
530 2483 577 2516 csse
586 2470 701 2528 deberent,
714 2468 764 2516 und
774 2475 851 2517 unten
867 2463 883 2531 ξ
894 2469 917 2518 3.
939 2465 1009 2518 Ganz
1018 2467 1108 2516 ebcnso
1122 2466 1140 2516 l.
1152 2470 1174 2527 i,

100 2539 145 2588 24:
167 2541 229 2587 Cum
238 2540 314 2599 ipitur
323 2539 481 2586 uehementius
495 2538 644 2586 inveberetur
656 2540 683 2585 in
696 2553 789 2586 eausam
794 2540 935 2598 principum
947 2541 1030 2586 censui
1041 2538 1174 2598 Philippus.

188 2605 214 2654 3.
235 2607 291 2669 Hic,
319 2604 367 2654 wie
385 2603 402 2670 ᾖ
421 2608 437 2656 4
455 2605 505 2653 und
523 2604 636 2654 dussclbe
655 2604 704 2654 arie
723 2605 805 2654 cbds.·
818 2606 868 2662 Quo
888 2609 983 2668 quidem
1000 2608 1027 2654 in
1045 2609 1107 2656 loce:
1134 2605 1174 2654 bei

100 2674 193 2724 diesem
215 2671 314 2724 Aniass.

186 2751 296 2792 constare
314 2744 367 2792 ce'cii
382 2741 427 2805 (ι-
436 2744 541 2791 intellecti
558 2741 617 2790 oder
634 2745 706 2800 sensi,
725 2739 776 2804 rgl.
796 2745 819 2804 5,
839 2743 886 2794 20:
904 2738 1013 2808 cidisse),
1034 2740 1083 2790 avie
1099 2740 1118 2791 l.
1132 2741 1173 2802 22,

102 2813 164 2864 104:
183 2819 212 2861 ut
230 2814 293 2860 inter
310 2808 415 2860 beminen
427 2814 520 2872 peritos
540 2821 647 2860 constare
664 2813 738 2861 uideo.

189 2883 332 2943 coutipisaet,
346 2879 390 2927 der
397 2877 467 2940 Conj.
478 2893 564 2941 uegen
579 2896 627 2928 esse
637 2882 774 2937 iudicatum,
784 2877 894 2926 welches
903 2877 936 2926 im
945 2877 1079 2927 Anscbluss
1087 2893 1117 2926 an
1130 2879 1173 2927 das

101 2946 226 2998 Priidicat
239 2949 281 2997 dos
297 2947 513 2996 Zwischensatzes
526 2957 633 2998 constare
653 2951 706 2997 uidi
718 2945 911 2995 anakoluthisch
926 2952 991 2995 statt
1000 2957 1032 2996 est
1044 2950 1174 2997 iudicatum

103 3018 178 3068 steht.
194 3015 291 3078 vg1.ae
302 3016 342 3067 oli.
352 3013 370 3065 l.
381 3018 453 3077 7,22:
467 3020 580 3079 quereiam
588 3045 630 3078 —,
640 3025 667 3066 ut
671 3019 750 3077 placet
755 3019 846 3075 Stoicis,
859 3032 920 3078 quae
928 3021 954 3065 in
964 3019 1036 3066 terris
1043 3020 1175 3080 pipnuntm·

102 3089 134 3134 ad
151 3101 225 3136 usum
241 3087 363 3135 bominum
384 3089 463 3134 amnia
481 3088 566 3146 creari,
591 3087 695 3134 bominis
716 3095 794 3134 autem
811 3087 934 3134 lierniuum
952 3101 1023 3134 causa
1039 3102 1087 3136 esse
1104 3102 1175 3150 parte-

103 3163 178 3219 ratas,
198 3181 231 3189 —-
250 3157 277 3203 in
295 3156 338 3202 boc
356 3163 471 3203 naturum
488 3157 595 3203 debemus
612 3157 693 3203 ducem
711 3158 785 3217 sequi.

191 3225 339 3284 Deploravit.
362 3221 418 3284 vgl.
438 3221 456 3272 l.
476 3225 498 3283 i,
520 3225 566 3273 26:
584 3239 631 3286 que
648 3226 743 3286 quidem
756 3238 862 3271 sermone
873 3224 948 3271 muita
966 3225 1083 3272 divinitus
1099 3240 1114 3271 a
1127 3226 1175 3272 tri-

101 3293 144 3340 bus
162 3295 213 3341 iliis
230 3295 397 3341 consularibus
417 3295 482 3341 Cotta
501 3293 624 3351 deplorata
641 3302 663 3341 et
680 3300 856 3342 commemorata
873 3293 997 3340 narrabat.

191 3363 369 3420 patrimonium
388 3363 521 3424 dipnitatic,
539 3361 583 3408 der
601 3357 664 3411 Gon.
684 3364 844 3421 replicatione,
863 3381 898 3400 =
915 3363 1098 3423 patrimonium,
1116 3362 1132 3406 i.
1154 3375 1174 3409 e.

107 3431 255 3494 dipnitatem,
277 3428 337 3478 oder
355 3432 495 3493 dipnitutem
514 3446 529 3476 a
541 3431 654 3489 patribus
672 3437 795 3490 acceptam.
814 3427 898 3476 Durcb
917 3425 1081 3490 dieStellung
1094 3426 1174 3476 dieses

105 3496 225 3560 liegrilles
244 3512 284 3545 um
303 3495 372 3547 Endc
391 3497 433 3546 dos
453 3495 540 3546 Satzes
559 3497 643 3545 crb'dlt
660 3512 688 3548 er
708 3499 835 3560 grissercs
856 3493 978 3545 Gewicbt.

194 3569 325 3626 rempubl.
339 3569 502 3631 proflipasaet,
523 3565 573 3628 vgl.
592 3563 611 3614 l.
630 3568 654 3630 9,
675 3567 721 3618 38:
741 3570 791 3616 cius
804 3563 926 3628 (Graeciae)
938 3567 1090 3627 filii-rem
1103 3567 1174 3624 publ.

106 3637 293 3696 dissipaverunt.

191 3721 206 3753 a
223 3720 250 3752 re
264 3707 330 3764 publ.
347 3701 381 3752 ist
399 3701 557 3762 wiederholt,
576 3717 616 3750 um
630 3700 685 3750 eine
697 3717 777 3764 gcnou
791 3699 983 3766 entsprcclrende
997 3698 1130 3749 Antithese
1143 3717 1173 3748 zu

104 3771 245 3834 gewinnen,
263 3772 312 3820 und
332 3787 401 3820 zuar
418 3771 444 3820 in
463 3771 569 3820 anderes
588 3771 731 3834 Bedeutung
751 3771 796 3826 (=
812 3767 1067 3831 Staatsverwaltung,
1086 3768 1135 3818 wic
1150 3775 1172 3828 2,

106 3837 142 3898 l).
162 3837 199 3888 Zu
216 3843 343 3900 repudiare
363 3840 387 3889 in
407 3841 451 3890 der
469 3839 614 3902 Badeutung
631 3854 680 3888 von
700 3835 829 3890 trusam
847 3837 897 3899 vgl.
916 3853 938 3901 p.
949 3835 1045 3886 Cluent.
1057 3840 1097 3899 to,
1110 3841 1173 3891 201:

105 3911 174 3958 cuius
190 3918 244 3958 cota
261 3919 283 3958 et
299 3913 381 3970 praeci
399 3927 414 3959 a
432 3912 516 3959 uestris
533 3911 650 3960 mentibus
666 3911 794 3968 repudiare
813 3909 906 3956 debetis.

191 3979 359 4040 erinippo:
383 3979 427 4027 das
448 3993 511 4027 nom.
532 3993 624 4042 propr,
650 3976 698 4024 wic
718 3973 762 4038 oft,
782 3977 827 4024 der
846 3973 1051 4040 appositionellen
1071 3975 1174 4025 Bostim·

106 4057 181 4107 muug
198 4046 377 4109 nachgestcllt3
398 4047 448 4110 vgl.
470 4048 510 4110 23,
534 4048 573 4098 et.
