2760 4520
134 293 140 308 ⁶
209 324 270 390 118
379 323 423 375 nu
441 321 607 388 oneroso,
626 323 670 374 ni.
688 322 718 375 u.
736 339 789 389 up.
808 325 851 376 es.
871 325 913 376 ee.
936 319 953 388 t
971 324 1118 376 eir-351.

207 482 363 544 bominum
395 478 619 560 comprobaue3
661 467 698 546 in
727 477 836 557 quibus
870 477 956 540 etiam
990 477 1156 539 felicitatem
1187 478 1288 556 ipsam

207 567 334 630 deorum
355 565 566 627 immortalium
587 563 696 625 iudicio
718 563 809 624 tribui
831 563 1004 624 laudationis
1027 573 1079 626 est.
1117 563 1288 624 Sumendae

207 662 304 715 autem
337 669 385 712 res
419 658 509 713 erunt
539 659 590 711 ant
622 649 822 728 magnitudine
854 648 1043 727 praestabiles
1075 656 1126 710 aut
1158 648 1289 710 novitate

207 738 321 818 primae
342 747 393 799 aut
415 753 522 815 genere
544 735 608 815 ipso
631 735 802 814 singulares.
839 735 942 814 Neque
965 734 1045 795 enim
1065 751 1172 813 parvae
1186 751 1288 812 neque

208 824 328 885 usitatae
357 840 455 902 neque
483 822 617 899 volgares
640 820 831 882 admiratione
853 830 904 882 aut
926 820 1048 882 omnino
1070 819 1158 880 laude
1180 819 1287 898 dignae

137 916 194 968 348.
209 909 300 970 videri
322 909 426 969 solent.
469 907 522 968 Est
543 906 629 967 etiam
651 924 719 966 cum
743 906 846 966 ceteris
868 905 1084 984 praestantibus
1107 905 1178 966 viris
1201 922 1285 965 com·

208 995 319 1074 paratio
347 994 380 1053 in
409 992 576 1053 laudatione
602 991 758 1071 praeclara.
802 991 844 1051 De
874 1009 934 1070 quo
966 1009 1073 1070 genere
1102 990 1218 1052 libitum
1240 999 1285 1051 est

209 1080 281 1141 mibi
302 1079 390 1158 paulo
413 1079 507 1157 plura,
530 1094 619 1155 quam
644 1076 840 1152 ostenderam,
865 1076 971 1146 dicere,
993 1093 1056 1136 non
1077 1083 1139 1138 tam
1161 1084 1283 1155 propter

210 1183 298 1226 usum
320 1167 482 1235 forensem,
504 1163 556 1241 qui
578 1171 622 1223 est
644 1181 660 1222 a
683 1180 731 1222 me
752 1162 784 1222 in
807 1161 890 1222 omni
911 1161 969 1222 boc
983 1180 1123 1222 sermone
1137 1169 1284 1234 tractatus,

209 1269 298 1330 quam
321 1258 354 1310 ut
375 1249 433 1310 hoc
454 1247 600 1321 videretis,
623 1249 649 1310 si
669 1247 852 1308 laudationes
873 1256 973 1308 essent
986 1246 1018 1306 in
1033 1247 1160 1308 oratoris
1176 1248 1283 1319 officio,

210 1335 290 1415 quod
314 1353 402 1395 nemo
426 1344 520 1415 negat,
541 1335 651 1395 oratori
673 1333 815 1394 virtutum
839 1332 974 1392 omnium
990 1333 1200 1412 cognitionem,
1221 1333 1284 1394 sine

138 1429 198 1482 349.
211 1438 269 1499 qua
299 1420 426 1480 laudatio
457 1420 533 1480 ellici
555 1437 618 1479 non
640 1427 756 1497 posset,
787 1436 851 1478 esse
874 1418 1078 1479 necessariam.
1123 1419 1185 1479 lam
1207 1418 1283 1479 vitu-
1373 1441 1374 1454 ι

209 1505 334 1585 perandi
355 1512 508 1584 praecepta
531 1503 683 1565 contrariis
706 1522 741 1563 ex
765 1503 840 1564 vitiis
855 1503 1000 1564 sumenda
1015 1521 1080 1564 esse
1093 1505 1284 1583 perspicuum

211 1599 264 1652 est.
307 1590 400 1651 Simul
430 1600 475 1651 est
501 1589 572 1651 illud
595 1599 663 1650 ante
686 1589 803 1662 oculos,
832 1607 888 1649 nec
908 1588 1023 1649 bonum
1045 1589 1145 1649 virum
1167 1589 1284 1668 proprie
1373 1629 1374 1652 ι

211 1684 240 1737 et
261 1676 380 1755 copiose
401 1676 513 1738 laudari
535 1675 599 1737 sine
622 1676 765 1736 virtutum
787 1693 843 1734 nec
860 1673 1030 1752 improbum
1046 1674 1192 1736 notariae
1208 1675 1283 1736 vitu·
1373 1665 1374 1686 ¹

210 1762 306 1839 peruri
337 1762 401 1823 sine
431 1761 571 1823 vitiorum
600 1761 769 1839 cognitione
798 1759 867 1820 satis
895 1759 1033 1838 insignite
1065 1769 1153 1838 atque
1169 1778 1283 1840 ‚aspere

210 1865 307 1926 posse.
352 1854 448 1925 Atque
471 1846 516 1908 his
537 1845 610 1907 locis
634 1855 662 1906 et
682 1844 821 1907 laudandi
844 1854 873 1906 et
894 1844 1080 1923 vituperandi
1096 1863 1183 1924 saepe
1199 1845 1283 1907 nobis

211 1940 255 1994 est
275 1932 421 1995 utendum
443 1931 474 1992 in
498 1931 579 1993 omni
603 1949 710 2010 genere
734 1948 899 1992 causarum.

138 2033 196 2085 350.
296 2017 416 2079 Habetis
439 2017 476 2078 de
489 2016 675 2078 inveniendis
691 2016 781 2077 rebus
795 2015 1048 2094 disponendisque
1063 2015 1136 2093 quid
1153 2015 1282 2076 sentiam.

209 2103 375 2184 Adiungam
398 2103 484 2164 etiam
507 2102 543 2163 de
566 2102 718 2182 memoria,
740 2110 773 2162 ut
793 2100 894 2162 labore
916 2101 1054 2162 Crassum
1077 2101 1171 2162 levem
1188 2118 1283 2179 neque

210 2191 237 2251 ei
259 2190 419 2268 quicquam
442 2187 529 2261 aliud,
552 2188 588 2248 de
611 2205 672 2266 quo
696 2187 827 2263 disserat,
850 2186 1016 2264 relinquam
1039 2184 1097 2246 nisi
1110 2205 1154 2259 ea,
1177 2185 1284 2264 quibus

144 2283 196 2346 86.
209 2275 281 2336 baec
303 2281 495 2337 exornentur.
539 2271 632 2352 Perge
654 2291 734 2353 vero,
755 2271 853 2350 inquit
874 2271 1005 2336 Crassus.
1045 2270 1186 2333 Libenter
1208 2272 1284 2332 enim

210 2369 255 2433 te,
283 2361 433 2440 cognitum
464 2358 522 2419 iam
544 2359 701 2432 artificem,
730 2357 886 2436 aliquando
918 2357 1069 2418 evolutum
1090 2357 1146 2418 illis
1168 2357 1285 2438 integu-

211 2445 319 2507 mentis
353 2443 594 2506 dissimulationis
623 2453 690 2504 tnae
719 2443 922 2520 nudatumque
951 2442 1116 2521 perspicio;
1153 2451 1182 2504 et
1204 2444 1285 2521 quod

211 2529 285 2591 mibi
306 2530 379 2592 nibil
400 2539 451 2591 aut
472 2530 552 2608 quod
576 2547 637 2589 non
660 2529 786 2590 multum
808 2527 960 2606 relinquis,
982 2528 1195 2606 percommode
1216 2529 1286 2590 lacis

140 2633 198 2684 351.
212 2624 315 2693 estque
345 2615 416 2677 mihi
439 2624 563 2695 gratum.
607 2615 668 2675 lam
691 2615 767 2674 istuc
790 2621 934 2693 quantum
956 2611 1008 2674 tibi
1030 2631 1083 2692 ego
1106 2613 1286 2693 reliquerim,

212 2701 308 2778 inquit
329 2701 492 2774 Antonius,
522 2701 577 2761 erit
604 2700 636 2760 in
665 2708 715 2761 tua
743 2707 896 2778 potestate.
940 2699 972 2759 Si
999 2699 1076 2758 enim
1105 2717 1174 2760 vere
1200 2719 1287 2778 agere
1372 2699 1373 2754 ἓ

213 2786 357 2862 volueris,
388 2787 485 2848 omnia
515 2785 566 2847 tibi
588 2785 744 2863 relinquo;
782 2786 829 2846 sin
851 2784 1051 2857 dissimulare,
1081 2792 1115 2845 tu
1138 2803 1226 2864 quem
1250 2787 1285 2847 ad
1372 2817 1373 2820 ¹

213 2872 336 2933 modum
359 2873 405 2933 bis
428 2872 496 2934 satis
519 2872 608 2932 facias
630 2871 748 2931 videris.
782 2870 849 2943 Sed,
874 2878 906 2930 ut
927 2869 963 2930 ad
986 2887 1051 2930 rem
1073 2869 1201 2943 redeam,
1222 2889 1287 2932 non

213 2974 279 3016 sum
301 2965 382 3018 tanto
407 2976 477 3036 ego,
498 2957 609 3035 inquit,
632 2956 769 3035 ingenio,
791 2963 902 3034 quanto
925 2955 1138 3017 Themistocles
1161 2959 1232 3038 luit,
1255 2967 1288 3019 ut

283 3093 341 3143 349.
367 3097 481 3157 proprie,
505 3090 529 3140 in
555 3091 624 3141 einer
640 3091 688 3140 den
702 3089 836 3149 Vomiigen
855 3103 938 3154 ganan
956 3091 1170 3156 entsprecbenden
1189 3091 1286 3159 walse,

213 3158 281 3210 also:
299 3173 475 3224 engemessen3
492 3159 583 3210 ebenso
603 3163 731 3225 4441944144
750 3157 865 3208 tradend.

283 3223 336 3285 86.
370 3230 426 3280 eso.
458 3231 566 3292 neae,
582 3229 635 3292 νει.
652 3230 693 3294 71,
714 3230 762 3280 291
783 3244 807 3278 u.
828 3227 870 3292 ss,
892 3228 956 3290 3613
975 3230 1104 3292 armam:
1123 3227 1222 3281 nenne
1242 3232 1288 3283 aar

212 3296 329 3360 Tbeorie,
348 3313 368 3349 s.
387 3313 408 3346 z.
428 3298 468 3360 12,
489 3299 535 3349 50:
553 3302 672 3359 artificia·
689 3299 828 3362 nequando,
845 3311 865 3345 s.
882 3311 903 3345 z.
916 3297 957 3358 24,
979 3297 1024 3357 99;
1039 3299 1169 3363 perrpicio,
1186 3299 1288 3352 stirker

212 3366 250 3417 cls
267 3370 402 3434 cognitum:
422 3381 450 3416 er
469 3366 638 3416 durchsobaut
655 3366 698 3415 ibn
717 3373 770 3416 eret
785 3363 852 3428 J‘ctzt
871 3363 951 3428 vdllig
968 3364 1019 3414 und
1037 3363 1063 3417 in
1082 3365 1166 3417 seiner
1183 3369 1287 3422 wahren

212 3434 327 3499 Gestalt,
354 3436 470 3499 obgleicb
495 3449 523 3484 er
548 3434 591 3484 ibn
617 3436 680 3504 ench
704 3435 797 3484 verber
814 3435 889 3484 sebon
908 3432 946 3482 als
965 3434 1057 3497 artifex
1073 3435 1171 3486 konnen
1189 3438 1289 3500 gclernt

211 3505 291 3562 betto,
328 3503 364 3553 Zn
383 3507 582 3555 dissimulatione
600 3505 651 3568 vgl.
672 3507 695 3567 1,
716 3507 732 3556 4
749 3503 800 3554 und
820 3502 886 3553 viele
904 3500 999 3552 Stellen
1018 3503 1061 3553 des
1083 3505 1105 3556 1.
1121 3504 1228 3571 Boebes,
1255 3525 1286 3559 an

212 3574 324 3625 walchen
335 3589 363 3624 er
372 3589 423 3623 von
433 3573 503 3625 einer
512 3572 618 3624 Tbeorie
632 3575 676 3624 der
685 3571 871 3622 Beredsamkeit
879 3571 1020 3636 iiberbaupt
1029 3572 1113 3636 wenig
1122 3573 1213 3624 wissen
1223 3577 1286 3628 will.

282 3645 342 3696 351.
374 3659 429 3693 ecre
445 3659 528 3708 apere:
546 3641 643 3693 ebrlich
659 3639 810 3702 vcrlabren,
830 3641 852 3692 d.
871 3637 888 3690 i.
906 3639 1063 3705 vollstiindig
1077 3641 1140 3710 scin,
1158 3642 1191 3692 im
1211 3642 1285 3710 (legs.

213 3726 244 3827 {a
267 3714 432 3763 adsimulare:
462 3711 546 3762 binter
567 3713 622 3762 dem
641 3711 721 3774 Berge
744 3709 847 3773 balteo,
871 3708 894 3758 d.
912 3709 938 3759 h.
954 3709 1147 3772 vorentbalten,
1169 3727 1223 3762 was
1242 3729 1286 3766 zur

231 3781 293 3830 acbc
311 3781 408 3845 gebb‘rt.

280 3853 399 3915 relinquo,
416 3849 477 3900 kurz
495 3846 548 3898 l'rir:
566 3849 658 3912 (mnia
675 3847 731 3908 tide)
747 3849 831 3898 relicta
847 3855 919 3910 atqie
935 3849 1078 3909 ceptum
1088 3865 1138 3902 eree
1154 3853 1288 3917 {andegan
1371 3855 1372 3900 1

213 3918 302 3969 uliae
320 3919 353 3968 ist
371 3917 442 3982 Conj.
461 3916 529 3968 Perl.

283 3990 460 4048 Themistocles,
484 3987 541 4050 vgl.
557 3987 599 4050 14,
620 3985 680 4036 299.
697 4008 732 4019 -
749 3984 871 4034 Simonidi
891 3987 930 4036 illi
953 3988 1004 4036 ooo.
1040 3982 1121 4036 [leber
1137 3985 1222 4037 diesen
1242 3988 1285 4038 be-
1371 4009 1372 4044 r
