2756 4520
237 346 280 412 50
442 344 485 396 nn
505 344 668 411 omrnnn,
686 345 731 400 us.
750 343 793 398 m.
811 360 865 413 up.
888 348 928 400 ro.
946 345 963 412 ς
981 349 1023 400 co.
1043 349 1083 400 ro.

160 525 164 530 ’
237 502 293 564 tiae
306 502 375 581 iugo
393 513 462 563 sunt
476 502 676 562 doctrinarum
687 487 767 561 'sacta
781 500 911 574 divertio,
928 511 961 562 ut
974 501 1144 580 philosophi
1158 510 1317 581 tamquam

237 589 269 648 in
284 606 427 666 superum
443 605 523 648 mare
541 586 674 662 [lonium]
692 586 862 658 defluerent,
879 586 1023 647 Graccum
1038 585 1189 665 quoddam
1201 596 1231 648 et
1240 606 1317 668 por-

238 684 368 745 tuosum,
390 681 522 733 oratores
544 681 641 733 autem
662 673 693 732 in
713 671 844 731 inferum
866 672 924 731 hoc
940 672 1073 733 Tuscum
1097 680 1127 733 et
1141 671 1318 752 barbarum,

238 759 430 838 scopulosum
447 765 534 836 atque
549 757 690 818 infestum
704 756 881 830 laberentur,
902 757 934 817 in
951 775 1010 836 quo
1026 757 1114 817 etiam
1131 757 1197 836 ipse
1213 759 1317 820 Ulixes

186 845 226 900 '1⁰-
239 851 374 904 errasset.
417 843 537 916 Quare,
559 843 584 902 si
605 842 660 902 hac
679 842 845 921 eloquentia
867 850 953 921 atque
968 842 1025 902 hoc
1041 849 1158 904 oratore
1182 845 1319 905 contenti

238 947 352 1001 sumus,
369 929 419 1007 qui
434 928 505 990 sciat
516 935 567 988 aut
577 945 684 1006 negare
697 936 843 1006 oportere,
860 928 941 1005 quod
957 945 1087 1006 arguare,
1103 936 1161 1000 aut
1177 928 1243 990 sild
1253 947 1319 990 non

238 1015 344 1093 possis,
363 1023 426 1074 tum
444 1013 609 1085 ostendere,
632 1013 712 1090 quod
726 1013 752 1072 is
768 1013 877 1085 fecerit,
890 1013 941 1091 qui
955 1013 1152 1086 insimuletur,
1168 1022 1220 1075 aut
1235 1024 1318 1075 recte

238 1103 348 1160 factum
364 1108 414 1159 aut
429 1099 547 1160 alterius
563 1098 648 1176 culpa
662 1106 712 1157 aut
725 1097 832 1158 iniuria
852 1106 902 1158 aut
920 1117 956 1158 ex
973 1098 1036 1178 lege
1058 1106 1108 1158 aut
1130 1116 1194 1159 nou
1211 1110 1319 1161 contra

238 1185 332 1264 legem
347 1193 397 1244 aut
410 1183 607 1262 imprudentia
623 1193 673 1244 aut
687 1182 862 1254 necessario,
887 1191 1014 1244 autnon
1030 1202 1065 1244 eo
1081 1183 1207 1244 nomine
1223 1204 1317 1246 usur-

239 1270 380 1348 pandum,
398 1287 457 1346 quo
473 1279 619 1347 arguatur,
634 1267 810 1329 autnomita
825 1267 879 1347 agi,
895 1278 928 1328 ut
938 1267 1072 1332 debuerit
1085 1287 1118 1328 ao
1130 1269 1265 1342 licuerit;
1277 1281 1317 1344 et

240 1355 265 1415 si
281 1355 348 1415 satis
364 1373 429 1414 esse
445 1354 551 1433 putatis
568 1373 609 1427 ea,
632 1371 707 1431 quae
721 1354 769 1413 isti
789 1353 947 1431 scriptores
963 1354 1032 1429 artis
1048 1353 1166 1426 docent,
1190 1355 1317 1428 discere,

241 1458 316 1516 quae
331 1441 422 1499 multo
438 1447 535 1500 tamen
550 1439 690 1510 ornatius,
707 1456 795 1516 quam
810 1437 846 1498 ab
861 1439 916 1499 illis
928 1439 1076 1512 dicuntur,
1091 1448 1119 1499 et
1128 1438 1254 1501 uberius
1263 1459 1316 1502 ex-

241 1524 357 1604 plicavit
371 1523 565 1585 Antonius—
575 1524 636 1600 sed,
651 1524 677 1584 si
693 1523 737 1584 his
752 1524 882 1584 contenti
899 1524 966 1584 estis
982 1524 1112 1603 atqueiis
1122 1525 1221 1602 etiam,
1239 1544 1315 1605 quae

240 1725 319 1777 Stella
336 1727 362 1776 in
380 1727 434 1776 dem
452 1741 546 1790 ganzen
566 1721 718 1788 Satzgclrige
741 1725 818 1775 findet
840 1725 890 1774 und
910 1726 948 1775 nls
966 1725 1088 1776 uncelrter
1106 1725 1202 1776 Znsatz
1223 1742 1315 1792 ausge-

241 1795 356 1846 sclriedon
373 1795 473 1846 werden
494 1809 568 1845 muss.

326 1869 455 1926 cannatina
476 1863 509 1912 ist
535 1862 579 1912 der
598 1860 659 1913 Gen.
676 1866 768 1925 raptu,
790 1862 844 1912 dem
869 1864 1016 1924 Apenninus
1045 1863 1242 1929 entspreehend,
1268 1865 1316 1914 wie

240 1933 280 1984 die
300 1937 421 1984 doctrinae
441 1933 487 1982 den
505 1935 608 1993 flumina
627 1932 798 1996 entsprcolren.

322 2004 394 2066 sarta
416 2005 526 2053 nautia.
564 1999 622 2063 Vgl.
641 1999 673 2049 nd
692 2000 746 2051 Att.
765 1998 795 2050 V.
814 2002 856 2062 20,
875 2001 904 2050 3:
930 2003 963 2050 ad
981 2001 1105 2049 Amanum
1127 2004 1252 2063 contradi,
1276 2006 1319 2066 qm·

240 2075 339 2134 cauam
351 2090 367 2122 a
384 2074 468 2122 culnia
482 2073 510 2119 r'n
517 2085 636 2133 aquarum
645 2072 746 2120 diumta'o
754 2070 856 2128 dictatu
874 2067 905 2117 ad
919 2065 977 2120 fem.
986 2063 1017 2118 11.
1033 2071 1072 2132 10,
1086 2070 1117 2120 2:
1135 2072 1170 2117 ad
1179 2071 1316 2134 Anmnuar,

240 2145 285 2206 qm'
299 2157 366 2190 mans
386 2143 448 2190 milri
462 2156 515 2189 aum
536 2140 622 2188 notan
642 2141 773 2188 emanante
791 2147 833 2199 ast,
852 2141 944 2188 diruas
957 2153 1076 2200 aquarum
1090 2140 1207 2188 divertire.

327 2212 444 2261 Graeamn
462 2210 597 2271 quoddam:
625 2206 669 2256 dns
686 2205 712 2255 in
730 2205 862 2269 gewissem
882 2204 958 2254 Sinna
978 2205 1143 2270 griechische,
1169 2206 1233 2262 di.
1263 2209 1317 2259 dem

241 2277 383 2328 Charnktcr
401 2278 445 2327 der
464 2273 588 2326 Gmeohen
608 2275 802 2342 entsprechendc
821 2273 898 2336 Mcer,
917 2272 976 2324 weil
996 2289 1022 2323 es
1035 2284 1182 2336 portuosum
1196 2273 1242 2336 ist,
1259 2276 1316 2329 d.l1.

240 2346 307 2396 viele
324 2348 423 2412 rasnpr'a
442 2345 566 2409 gentihus,
585 2343 611 2392 in
630 2342 743 2393 walchen
761 2343 810 2392 wic
828 2341 852 2393 in
871 2342 915 2392 der
932 2341 1092 2408 Philosophia
1113 2347 1181 2406 quur
1198 2353 1224 2394 et
1242 2349 1317 2396 otiam

241 2413 295 2482 (15,
315 2414 359 2476 56)
385 2413 509 2479 gelunden
526 2413 627 2462 werden
645 2413 719 2474 kann,
744 2411 866 2462 wiihrcnd
884 2410 930 2460 das
952 2410 1080 2461 tuslriselre
1105 2411 1157 2460 und
1183 2412 1235 2463 den
1256 2429 1316 2464 vcr-

240 2482 400 2533 meintlichen
420 2482 547 2532 Barbaren
565 2481 704 2545 generando
714 2478 783 2532 Meer
792 2480 848 2544 (der
860 2477 1058 2544 Boredsnmkeit)
1076 2479 1143 2533 viole
1156 2479 1253 2532 Miilren
1265 2483 1314 2532 und

242 2549 368 2602 Gefnhren
391 2551 512 2614 banditen,
536 2550 586 2600 wie
614 2565 641 2600 es
668 2551 732 2600 deun
751 2550 815 2599 nuolr
836 2549 911 2598 sehon
936 2547 962 2598 in
981 2563 1072 2612 grener
1090 2548 1198 2600 Vorzeit
1216 2550 1257 2602 als
1275 2551 1314 2602 ein

242 2620 339 2670 sclchcs
357 2621 435 2670 durch
453 2619 493 2669 die
511 2616 652 2668 lrrfahrten
671 2620 714 2668 des
734 2616 820 2668 Ulixes
836 2617 980 2681 beriichtigt
1000 2617 1136 2682 geworden
1155 2617 1199 2668 ist.
1232 2619 1237 2624 '

330 2692 369 2744 to.
389 2690 441 2747 Qrm
458 2706 492 2751 ra,
512 2688 535 2737 d.
552 2690 577 2738 h.
596 2687 657 2737 weil
675 2687 714 2737 dic
734 2685 928 2748 Beredsamkcit‚
948 2685 1123 2751 urspriinglich
1148 2687 1195 2736 mit
1212 2689 1259 2739 der
1277 2706 1314 2738 ra

236 2753 1313 2820 pimtmznsammenlallcndsiclranicinumvielurnlaugreicherenGebietebewegte.

326 2831 438 2893 quirunt
448 2837 492 2878 aut
499 2843 552 2890 neq.
566 2843 603 2888 ap.
613 2824 765 2875 Damitwird
779 2823 819 2874 die
828 2826 965 2875 mnatituta'o
974 2828 1139 2874 aonmnuralr'a
1154 2823 1315 2886 bezeichnet,

243 2894 266 2944 d.
283 2894 309 2948 h.
328 2895 456 2960 derjenigc
476 2893 671 2960 Gesichtspunkt
692 2891 733 2942 liir
758 2893 798 2942 die
818 2891 1006 2956 Entscheidnng
1029 2893 1074 2942 der
1094 2891 1226 2956 Prozcsse,
1252 2896 1315 2943 nach

242 2961 362 3013 walchem
381 2965 425 3014 der
441 2963 613 3014 Thathestand
632 2979 663 3012 zu
683 2960 810 3012 ermitteln
827 2961 875 3025 ist3
899 2975 925 3011 es
946 2959 1011 3026 folgt
1030 2961 1074 3011 der
1091 2970 1171 3012 rtatim
1186 2967 1313 3028 ammaim,

243 3031 325 3081 urobei
342 3034 406 3082 nach
424 3032 478 3082 dem
498 3036 575 3097 quala,
590 3031 641 3082 und
657 3031 701 3082 der
721 3040 796 3081 etatae
816 3033 961 3094 definitivus,
979 3029 1061 3079 wobei
1079 3031 1145 3080 nach
1163 3030 1210 3080 der
1228 3033 1313 3082 recht-

243 3099 367 3164 miissipen
386 3101 536 3164 Benennung
553 3099 653 3164 gelragt
672 3099 744 3149 wird.
766 3098 824 3162 Vgl.
843 3097 930 3160 1124,
947 3101 1009 3151 104:
1030 3102 1147 3150 Na'lnlart
1159 3103 1233 3164 enim,
1250 3103 1315 3164 quad

243 3173 306 3219 inter
323 3172 430 3219 nominer
445 3172 582 3234 ambiantur
597 3197 639 3231 —-,
665 3174 692 3220 r'n
715 3185 761 3232 qna
777 3184 828 3219 non
843 3177 885 3218 aut
903 3170 1072 3234 qumfaatum
1088 3172 1121 3218 m't
1138 3177 1182 3220 aut
1195 3174 1245 3232 fiat
1263 3169 1313 3232 fu-

242 3247 354 3289 manua
371 3243 403 3287 ait
421 3247 561 3303 quaeratur,
580 3248 623 3289 aut
639 3241 709 3302 quala
726 3242 766 3302 sit,
783 3247 827 3288 aut
844 3240 889 3301 qm¹
904 3246 1006 3286 rantur.
1028 3235 1088 3286 Hier
1104 3236 1173 3286 wird
1193 3238 1256 3286 noclr
1275 3237 1314 3286 als

242 3305 341 3356 vierter
359 3315 435 3357 etatae
453 3305 497 3356 der
513 3310 669 3372 translations
686 3303 859 3368 hinzngcfdgt,
881 3304 964 3354 wobei
984 3304 1080 3355 ussich
1099 3320 1140 3354 um
1161 3305 1202 3356 die
1220 3305 1314 3356 Recht-

241 3375 390 3438 miissigkeit
408 3375 453 3424 der
472 3372 566 3423 Person
584 3375 626 3424 des
646 3373 755 3438 liliigers
780 3375 839 3423 oder
857 3372 901 3423 des
921 3372 1026 3423 Forums
1048 3373 1161 3424 handelt.
1196 3373 1247 3424 lliir
1264 3374 1313 3424 den

241 3443 356 3494 Erfinder
373 3443 455 3494 dieses
474 3443 569 3493 lntzten
587 3453 663 3495 rtatm
681 3443 730 3506 gilt
748 3441 923 3506 Hermagoras.

330 3517 397 3578 qaod
413 3530 526 3578 arguare,
551 3513 582 3562 da
598 3513 642 3562 das
660 3511 748 3562 Neutr.
766 3512 834 3562 eines
853 3509 927 3562 Pron.
947 3510 996 3559 und
1017 3509 1256 3574 Quantitiitsadjeot
1278 3509 1312 3558 im

241 3582 300 3632 Aeo.
319 3584 357 3633 als
376 3580 467 3645 Object
484 3597 514 3631 zu
529 3579 613 3644 jedem
630 3581 739 3633 Verbum
763 3581 836 3643 (auch
862 3578 968 3630 latrans.
987 3579 1025 3630 od.
1046 3576 1124 3642 Pnss.)
1151 3578 1310 3629 hinzutrcten

242 3651 316 3704 kann.
344 3651 403 3715 Vgl.
424 3649 443 3702 1.
463 3654 488 3717 9,
507 3653 552 3702 35:
572 3654 652 3702 Cetera
669 3652 790 3700 adeantur
808 3652 901 3710 Orarro,
921 3665 944 3698 u.
962 3663 984 3699 a.

328 3730 372 3771 aut
391 3746 424 3756 —-
440 3730 483 3770 aut
500 3730 551 3783 aet,
567 3719 664 3770 sowohl
678 3718 753 3768 iiber-
763 3717 800 3767 als
809 3717 1019 3781 untergeordnete
1033 3714 1135 3766 Gliedcr
1143 3714 1309 3776 verbiadend,

243 3785 291 3840 wic
311 3791 351 3852 30,
374 3790 434 3849 1183
456 3787 474 3839 1.
494 3791 518 3853 9,
537 3790 584 3850 36;
605 3787 635 3837 ll.
656 3791 696 3848 12,
715 3790 748 3839 49
766 3803 790 3836 u.
809 3802 831 3836 o.

328 3861 428 3919 intarta,
447 3875 478 3906 ro.
497 3862 603 3918 alterius,
623 3855 672 3905 wie
689 3854 716 3904 in
735 3855 779 3904 der
799 3853 866 3905 Rede
879 3871 927 3918 pro
945 3857 1002 3906 Mtt.
1029 3851 1063 3904 Es
1082 3853 1148 3904 wird
1167 3855 1212 3905 dns
1229 3854 1308 3904 unbe-

244 3932 336 3976 wusstn
354 3925 528 3988 Verschulden
546 3941 596 3975 von
613 3926 657 3974 der
674 3922 873 3986 benbsichtigten
892 3921 977 3973 Unhill
995 3922 1195 3974 untnrschieden.

306 4019 308 4026 >
328 3998 593 4057 cantiamttnnmntm,
612 4009 633 4046 z.
643 3993 670 4042 B.
680 3989 711 4041 11.
725 3993 766 4055 24,
780 3993 914 4056 104-26,
927 3992 974 4044 113
987 3992 1038 4041 und
1047 3993 1088 4056 39,
1107 3993 1241 4054 tot-40,
1250 3993 1308 4044 173.
