2826 4520
483 180 493 206 l

392 305 434 357 nu
455 305 618 369 ostroan,
637 307 680 356 m.
697 305 714 357 1.
733 321 786 372 etp.
801 309 844 362 21.
863 310 929 370 soc.
948 274 991 361 ss,
1182 310 1223 373 61

144 468 250 543 ltaque
279 481 333 540 ego
353 463 417 524 bac
444 461 547 522 eadem
579 460 718 539 opinione
751 461 894 522 adductus
917 462 1022 541 scripsi
1044 462 1129 524 etiam
1151 464 1222 524 illud
1238 461 1290 524 21.
1306 470 1347 519 94.
1408 423 1409 504 3

148 549 283 628 quodam
305 547 338 609 in
355 545 462 619 libello,
483 545 534 624 qui
557 563 604 606 me
626 545 814 624 imprudente
836 553 865 606 et
878 545 970 607 invito
990 547 1096 610 excidit
1110 556 1138 609 et
1152 567 1222 626 per-

143 635 276 695 venitin
300 650 405 694 manus
428 631 594 707 bominum,
619 630 794 692 disertos
816 649 960 709 cognosse
982 650 1029 692 me
1052 634 1222 706 nonnullos,

140 720 401 796 eloquentem
416 717 513 778 adhuc
528 716 687 789 neminem,
703 716 784 795 quod
802 735 870 776 eum
890 716 1051 778 statuebam
1071 717 1222 791 disertum,

147 805 201 882 qui
224 810 325 882 posset
346 803 413 862 satis
435 809 520 862 acute
541 809 628 878 atque
650 801 775 861 dilucide
804 802 882 878 apud
909 801 1065 864 mediocris
1087 803 1222 866 homines

141 908 186 950 ex
208 889 363 950 communi
389 886 516 964 quadam
548 885 688 964 opinione
709 886 866 946 hominurn
889 885 1002 960 dicere,
1036 887 1222 966 eloquentem

148 992 238 1046 vero,
272 973 326 1051 qui
357 971 518 1032 mirabilius
548 980 577 1030 et
606 970 838 1049 magnificentius
872 989 978 1050 augere
1006 982 1108 1049 posset
1136 981 1223 1050 atque
1321 1021 1324 1032 .

142 1077 258 1119 vornare
282 1075 357 1134 quae
379 1057 464 1118 vellet
485 1055 643 1133 omnisque
665 1055 799 1116 omnium
821 1074 938 1128 rerum,
969 1074 1043 1135 quae
1062 1057 1098 1116 ad
1121 1058 1223 1118 dicen-

148 1144 223 1205 dum
245 1143 443 1221 pertinerent,
473 1141 564 1201 tontis
586 1142 688 1210 animo
706 1159 740 1202 ac
762 1142 906 1202 memoria
933 1141 1104 1202 contineret.
1145 1143 1179 1204 ld
1199 1144 1224 1202 si

146 1239 195 1290 est
215 1227 332 1289 difficile
355 1225 455 1298 nobis,
489 1225 569 1304 quod
591 1236 679 1298 ante,
714 1243 803 1304 qnam
832 1226 867 1286 ad
895 1226 1071 1290 discendum
1098 1228 1223 1306 ingressi

143 1331 265 1383 sumus,
287 1311 443 1372 obruimur
464 1310 624 1371 ambitione
651 1319 680 1371 et
699 1313 784 1383 foro,
814 1311 851 1372 sit
873 1319 970 1372 amen
990 1312 1021 1370 in
1042 1331 1075 1372 re
1094 1313 1224 1391 positam
1346 1371 1352 1390 ,

144 1407 237 1476 atque
255 1404 369 1458 natura.
399 1395 461 1474 Ego
478 1396 566 1468 enim,
590 1403 734 1473 quantum
755 1413 886 1474 auguror
907 1397 1076 1458 coniectura
1098 1406 1222 1475 quanta-
1238 1410 1278 1460 95.
1330 1395 1370 1474 ,ἓ

148 1501 209 1560 que
230 1481 348 1560 ingenia
367 1481 399 1541 in
417 1481 527 1542 nostris
541 1480 712 1540 hominibus
727 1499 791 1540 esse
814 1481 907 1553 video,
931 1499 993 1541 non
1016 1481 1141 1560 despero
1159 1485 1264 1542 foret»

145 1568 278 1646 aliquem
302 1566 474 1644 aliquando,
508 1565 558 1642 qui
580 1573 608 1626 et
629 1565 725 1625 studio
755 1567 882 1638 acriore,
913 1584 1002 1644 quam
1033 1585 1089 1628 nos
1119 1585 1223 1628 sumus

148 1661 239 1730 atque
260 1652 383 1724 liumus,
406 1660 435 1710 et
453 1651 512 1710 otio
527 1668 561 1710 ac
575 1651 709 1711 facultate
724 1649 856 1710 discendi
880 1651 989 1711 maiore
1011 1669 1044 1711 ac
1065 1653 1223 1712 maturiore

143 1746 180 1798 et
199 1736 301 1797 labore
329 1745 416 1813 atque
445 1731 588 1796 industria
614 1736 783 1813 superiore,
817 1753 885 1795 curn
914 1753 946 1794 se
976 1736 1012 1795 ad
1034 1736 1223 1806 audiendum,

148 1821 311 1900 legendum
334 1819 584 1897 scribendumque
604 1819 725 1892 dederit,
746 1819 864 1880 exsistat
884 1819 947 1880 talis
969 1827 1084 1894 orator,
1108 1821 1224 1898 qualem

150 1907 338 1984 quaerimoS,
362 1905 412 1982 qui
433 1905 498 1964 iure
521 1923 583 1964 non
608 1906 705 1965 solum
730 1904 872 1977 disertus,
904 1904 954 1964 sed
979 1904 1064 1964 ctiam
1082 1905 1224 1982 eloquens

145 1991 209 2053 dici
232 1990 341 2070 possit3
376 1989 426 2068 qui
447 1997 546 2049 tamen
566 2007 630 2049 mea
652 1990 795 2049 sententia
824 1999 874 2049 aut
892 1989 939 2048 hic
962 1997 1005 2048 est
1024 1990 1082 2048 iam
1103 1988 1224 2049 Crassus

152 2085 213 2152 aut,
237 2076 262 2136 si
286 2074 352 2152 quis
374 2075 437 2153 pari
460 2075 548 2135 luerit
567 2074 684 2152 ingenio
707 2075 851 2154 pluraque
872 2091 959 2151 quam
984 2073 1080 2134 hicet
1102 2073 1226 2135 audierit

147 2169 180 2222 et
200 2159 336 2222 lectitarit
357 2168 385 2219 et
406 2159 571 2237 scripserit,
603 2159 724 2237 paulum
753 2159 822 2220 huic
843 2159 952 2236 aliquid
982 2159 1089 2238 poterit
1110 2158 1226 2220 addere.

149 2350 297 2409 eloquentem
317 2349 413 2394 omnino
432 2348 557 2394 neminem.
602 2345 724 2394 Insidebat
742 2347 845 2395 videlieet
863 2348 889 2392 r'n
908 2348 959 2394 aas
975 2353 1052 2392 mente
1069 2347 1157 2403 aperta
1175 2349 1224 2394 eto-

146 2416 273 2479 quentiae,
298 2428 370 2496 eamn
389 2416 497 2463 cernebat
516 2417 604 2475 anima,
624 2429 651 2462 re
668 2415 722 2476 ipsa
739 2429 789 2462 non
805 2415 905 2465 ridete.
945 2413 990 2462 Vc'r
1007 2421 1087 2462 antem
1106 2417 1222 2462 acerrimo

149 2486 246 2568 inperia
268 2479 312 2543 (ete
328 2485 392 2530 enim
404 2482 478 2550 faa'tl
489 2485 565 2531 matta
586 2490 607 2530 et
626 2483 652 2529 tn
670 2496 695 2530 ee
708 2485 751 2530 et
741 2498 768 2530 en
785 2485 840 2530 aliia
859 2483 998 2531 deciderant
1015 2485 1133 2532 nerninem
1140 2485 1222 2544 plane,

150 2556 198 2616 qut
215 2559 276 2600 recte
295 2553 415 2610 appellare·
433 2555 545 2614 eloquens
557 2559 646 2612 paeon,
668 2551 767 2599 ridebat.

139 2635 146 2644 ’
223 2613 275 2674 21
295 2619 337 2670 94
368 2619 463 2683 Itaque,
483 2619 590 2668 durch]
579 2622 623 2668 bac
640 2621 691 2666 ead.
713 2635 749 2679 op.
767 2621 882 2668 addacem
899 2617 992 2666 nither
999 2617 1105 2679 erkl'drt,
1125 2617 1224 2667 bezieht
1292 2619 1294 2622 ’

151 2688 210 2737 sich
226 2683 273 2736 aul
286 2687 301 2747 ξ
314 2687 359 2738 93·
378 2691 412 2736 n'c
427 2690 489 2738 mitt
505 2697 555 2736 tarn
568 2690 715 2749 parandae
732 2691 793 2747 cct.;
811 2689 905 2746 aecidat,
923 2685 1016 2748 wiol,
1036 2689 1063 2735 5:
1082 2689 1226 2736 tenderent

222 2757 308 2816 labello,
326 2755 379 2818 vgl.
396 2753 426 2804 ΙΙ.
444 2756 485 2818 48,
506 2756 569 2806 208:
607 2758 706 2818 tpaaaae
723 2757 780 2816 illa,
804 2771 865 2816 qaae
886 2758 913 2804 in
933 2758 1127 2804 commutarim
1149 2771 1227 2804 meam

150 2828 244 2885 rettuli,
264 2830 320 2872 arnt
337 2825 388 2872 etas
405 2825 477 2887 modi,
495 2839 544 2873 non
562 2826 645 2886 aliqua
662 2826 771 2873 donnino
781 2825 844 2871 mihi
859 2825 957 2882 aroana,
976 2824 1019 2873 sed
1034 2825 1061 2871 t'n
1080 2839 1162 2873 rerarn
1179 2840 1226 2872 aaa

150 2896 279 2956 caecisque
297 2899 413 2951 tractata·
431 2891 501 2940 Brut.
523 2896 564 2953 44,
588 2892 648 2942 168:
669 2895 749 2940 callem
766 2893 862 2954 aliquid
877 2892 986 2941 Antonio
995 2899 1094 2952 praeter
1111 2895 1180 2941 illam
1195 2895 1226 2942 'de

150 2964 248 3011 ratione
259 2963 359 3010 arcendi
373 2976 431 3010 cane
447 2963 530 3011 eciam
548 2962 666 3021 libellam,
681 2963 758 3020 plara
775 2963 860 3010 Graeca
880 2961 987 3009 identat
1002 2960 1109 3009 radere.

223 3046 253 3078 erc
272 3033 394 3078 eaenrnnnt
413 3031 486 3092 qnod.
511 3045 564 3091 op..
593 3042 651 3076 vom
668 3025 827 3092 Standpnnkt
849 3027 892 3076 dos
918 3025 1107 3090 gewbhnlichen
1136 3027 1226 3106 baien-

152 3096 490 3160 verstandesaus3vgl.3,
512 3099 551 3148 12.

223 3181 321 3229 napae:
340 3133 434 3227 beben,
460 3170 584 3228 omnaque
602 3167 722 3214 anacam.
736 3163 802 3226 vgl
821 3179 852 3213 zu
870 3162 953 3213 dieser
970 3162 1227 3226 Zusanmonstolluug

153 3237 197 3295 49,
217 3235 282 3295 213;
304 3235 346 3296 57,
366 3235 430 3294 2453
445 3237 607 3294 pertinerent.
626 3247 677 3282 von
695 3231 797 3295 Belang,
815 3229 953 3282 l‘orderlich
972 3231 1034 3282 seio.

223 3304 360 3352 abtamur:
374 3301 427 3350 ,wir
443 3303 522 3364 gehen
541 3305 616 3350 nutet·
634 3300 660 3349 in
679 3327 720 3352 -.

223 3371 264 3421 95.
302 3372 354 3434 Epa
373 3375 437 3420 enim
455 3377 512 3432 cct,
541 3369 707 3433 Bogriindung
727 3368 778 3417 und
801 3368 906 3418 weitcre
925 3365 1149 3430 bealdhum-der
1167 3381 1227 3414 vor·

153 3437 331 3500 horgehenden
351 3438 521 3502 Behouptung,
545 3438 603 3486 dass
623 3436 663 3488 die
682 3436 860 3501 Mb'glichkeit,
880 3436 1012 3486 nucinam
1030 3435 1226 3486 rollkommenon

156 3503 253 3556 Redner
278 3522 309 3554 zu
334 3505 473 3569 gelcngen,
499 3507 589 3555 durch
603 3505 643 3556 die
666 3505 749 3556 Natur
772 3504 818 3555 der
840 3504 920 3555 Sache
947 3504 1027 3556 solhst
1049 3502 1121 3552 nicht
1134 3517 1228 3564 ausge-

155 3573 283 3624 schlosscn
304 3574 347 3623 iat
380 3573 444 3624 Zum
463 3573 600 3624 Godanken
617 3573 669 3638 vgl.
695 3576 735 3637 17,
755 3573 825 3627 799.

223 3647 365 3703 marcere,
393 3640 439 3692 aul
450 3645 568 3708 secanae
588 3644 647 3694 dese.
665 3659 696 3692 zo
714 3611 840 3703 bbziehen,
864 3641 961 3692 welche
979 3641 1058 3689 durch
1078 3637 1164 3688 lrhher
1182 3639 1227 3687 bo-

154 3725 268 3773 gonnenc
287 3711 337 3760 und
357 3710 461 3774 l'dngcro
478 3709 582 3774 Uebung
601 3712 666 3761 auch
681 3725 713 3761 an
731 3678 874 3761 Sichorldeit
892 3710 941 3759 und
960 3706 1032 3759 heile
1049 3705 1167 3770 gewiunt

225 3796 250 3829 se
267 3783 301 3829 ad
315 3783 512 3830 andandtem-
531 3783 630 3842 dedan,
647 3779 699 3842 vgl.
716 3780 746 3829 de
765 3780 835 3830 door.
854 3797 876 3830 n
895 3776 914 3827 Ι
933 3781 958 3840 4,
977 3780 1005 3830 9:
1038 3779 1077 3826 Ea
1094 3773 1226 3840 (macene)

155 3862 211 3896 aere
230 3852 283 3909 ι’ρια
301 3852 369 3898 nulla
382 3853 475 3898 ratione
491 3853 575 3900 melias
589 3849 652 3911 frui
665 3852 741 3910 pani,
759 3864 832 3912 quarn
849 3850 873 3896 εἰ
888 3863 924 3896 me
941 3861 991 3896 non
1008 3848 1076 3896 mede
1095 3849 1129 3896 ad
1147 3848 1226 3910 leyen-

158 3918 200 3965 das
218 3919 300 3978 libros,
319 3920 450 3968 sedetiam
467 3921 500 3967 ad
517 3927 589 3967 totam
602 3919 779 3978 nhibsophiam
791 3917 987 3978 pertractandam
1007 3917 1130 3966 dadonem.

223 3987 338 4046 paphen:
358 3999 416 4034 nur
434 3986 499 4035 noch
515 3984 606 4048 wenig.
