<?xml version="1.0" encoding="UTF-8"?>
<!DOCTYPE html PUBLIC "-//W3C//DTD XHTML 1.0 Transitional//EN"
    "http://www.w3.org/TR/xhtml1/DTD/xhtml1-transitional.dtd">
<html xmlns="http://www.w3.org/1999/xhtml" xml:lang="en" lang="en">
 <head>
  <title>
</title>
<meta http-equiv="Content-Type" content="text/html;charset=utf-8" />
  <meta name='ocr-system' content='tesseract 3.04.00' />
  <meta name='ocr-capabilities' content='ocr_page ocr_carea ocr_par ocr_line ocrx_word'/>
</head>
<body>
  <div class='ocr_page' id='page_1' title='image "./mtulliiciceroni79cicegoog/mtulliiciceroni79cicegoog_0441.png"; bbox 0 0 2756 4520; ppageno 0'>
   <div class='ocr_carea' id='block_1_1' title="bbox 163 260 1034 358">
    <p class='ocr_par' dir='ltr' id='par_1_1' title="bbox 163 260 1034 358">
     <span class='ocr_line' id='line_1_1' title="bbox 163 260 1034 358; baseline -0.005 -12"><span class='ocrx_word' id='word_1_1' title='bbox 163 260 165 270; x_wconf 48' lang='lat'><strong><em>⁴</em></strong></span> <span class='ocrx_word' id='word_1_2' title='bbox 191 293 231 358; x_wconf 87' lang='lat'><strong>10</strong></span> <span class='ocrx_word' id='word_1_3' title='bbox 401 291 443 341; x_wconf 84' lang='lat' dir='ltr'><strong>oc</strong></span> <span class='ocrx_word' id='word_1_4' title='bbox 465 289 628 356; x_wconf 76' lang='lat' dir='ltr'><strong>carrona,</strong></span> <span class='ocrx_word' id='word_1_5' title='bbox 646 290 690 340; x_wconf 81' lang='lat' dir='ltr'><strong>ns.</strong></span> <span class='ocrx_word' id='word_1_6' title='bbox 705 289 748 340; x_wconf 82' lang='lat'>111.</span> <span class='ocrx_word' id='word_1_7' title='bbox 767 305 818 356; x_wconf 70' lang='lat' dir='ltr'><strong>cap.</strong></span> <span class='ocrx_word' id='word_1_8' title='bbox 840 293 862 342; x_wconf 93' lang='lat'><strong>1.</strong></span> <span class='ocrx_word' id='word_1_9' title='bbox 881 293 905 342; x_wconf 80' lang='lat'><strong>2.</strong></span> <span class='ocrx_word' id='word_1_10' title='bbox 927 289 985 354; x_wconf 75' lang='lat' dir='ltr'><strong>sl.</strong></span> <span class='ocrx_word' id='word_1_11' title='bbox 1010 295 1034 342; x_wconf 87' lang='lat'><strong>5.</strong></span> 
     </span>
    </p>
   </div>
   <div class='ocr_carea' id='block_1_2' title="bbox 105 444 1270 1718">
    <p class='ocr_par' dir='ltr' id='par_1_2' title="bbox 105 444 1270 1718">
     <span class='ocr_line' id='line_1_2' title="bbox 188 444 1268 526; baseline -0.001 -19"><span class='ocrx_word' id='word_1_12' title='bbox 188 447 278 526; x_wconf 88' lang='lat' dir='ltr'><strong>lippo,</strong></span> <span class='ocrx_word' id='word_1_13' title='bbox 301 446 384 524; x_wconf 85' lang='lat' dir='ltr'>quasi</span> <span class='ocrx_word' id='word_1_14' title='bbox 404 446 544 524; x_wconf 85' lang='lat' dir='ltr'><strong>quasdam</strong></span> <span class='ocrx_word' id='word_1_15' title='bbox 567 444 721 506; x_wconf 89' lang='lat' dir='ltr'><strong>verborem</strong></span> <span class='ocrx_word' id='word_1_16' title='bbox 740 448 817 506; x_wconf 84' lang='lat' dir='ltr'><strong>laces</strong></span> <span class='ocrx_word' id='word_1_17' title='bbox 836 445 1023 524; x_wconf 85' lang='lat' dir='ltr'><strong>admovisset,</strong></span> <span class='ocrx_word' id='word_1_18' title='bbox 1049 464 1111 506; x_wconf 89' lang='lat' dir='ltr'><strong>nou</strong></span> <span class='ocrx_word' id='word_1_19' title='bbox 1131 446 1197 506; x_wconf 88' lang='lat' dir='ltr'><strong>tulit</strong></span> <span class='ocrx_word' id='word_1_20' title='bbox 1216 447 1268 506; x_wconf 85' lang='lat' dir='ltr'><strong>ille</strong></span> 
     </span>
     <span class='ocr_line' id='line_1_3' title="bbox 189 529 1265 609; baseline -0.001 -16"><span class='ocrx_word' id='word_1_21' title='bbox 189 541 217 593; x_wconf 92' lang='lat' dir='ltr'><strong>et</strong></span> <span class='ocrx_word' id='word_1_22' title='bbox 231 532 357 608; x_wconf 82' lang='lat' dir='ltr'><strong>graviter</strong></span> <span class='ocrx_word' id='word_1_23' title='bbox 371 532 477 592; x_wconf 78' lang='lat' dir='ltr'><strong>exarsit</strong></span> <span class='ocrx_word' id='word_1_24' title='bbox 492 530 725 609; x_wconf 79' lang='lat' dir='ltr'><strong>pignoribusque</strong></span> <span class='ocrx_word' id='word_1_25' title='bbox 743 530 843 592; x_wconf 90' lang='lat' dir='ltr'><strong>ablatis</strong></span> <span class='ocrx_word' id='word_1_26' title='bbox 865 530 1004 591; x_wconf 84' lang='lat' dir='ltr'>Crassum</span> <span class='ocrx_word' id='word_1_27' title='bbox 1024 529 1150 591; x_wconf 80' lang='lat' dir='ltr'><strong>instituit</strong></span> <span class='ocrx_word' id='word_1_28' title='bbox 1173 537 1265 592; x_wconf 72' lang='lat' dir='ltr'><strong>coer-</strong></span> 
     </span>
     <span class='ocr_line' id='line_1_4' title="bbox 190 615 1269 695; baseline 0 -17"><span class='ocrx_word' id='word_1_29' title='bbox 190 636 264 681; x_wconf 90' lang='lat' dir='ltr'><strong>cere.</strong></span> <span class='ocrx_word' id='word_1_30' title='bbox 309 617 375 690; x_wconf 87' lang='lat' dir='ltr'><strong>Quo</strong></span> <span class='ocrx_word' id='word_1_31' title='bbox 394 616 515 695; x_wconf 90' lang='lat' dir='ltr'><strong>quidem</strong></span> <span class='ocrx_word' id='word_1_32' title='bbox 537 617 603 694; x_wconf 86' lang='lat' dir='ltr'><strong>ipso</strong></span> <span class='ocrx_word' id='word_1_33' title='bbox 624 615 655 677; x_wconf 90' lang='lat' dir='ltr'><strong>in</strong></span> <span class='ocrx_word' id='word_1_34' title='bbox 675 617 740 675; x_wconf 93' lang='lat' dir='ltr'><strong>loco</strong></span> <span class='ocrx_word' id='word_1_35' title='bbox 765 616 854 676; x_wconf 86' lang='lat' dir='ltr'><strong>multa</strong></span> <span class='ocrx_word' id='word_1_36' title='bbox 869 635 885 676; x_wconf 86' lang='lat' dir='ltr'><strong>a</strong></span> <span class='ocrx_word' id='word_1_37' title='bbox 899 616 1004 677; x_wconf 81' lang='lat' dir='ltr'>Crasso</span> <span class='ocrx_word' id='word_1_38' title='bbox 1031 615 1174 678; x_wconf 89' lang='lat' dir='ltr'><strong>divinitus</strong></span> <span class='ocrx_word' id='word_1_39' title='bbox 1190 617 1269 678; x_wconf 86' lang='lat' dir='ltr'><strong>dicta</strong></span> 
     </span>
     <span class='ocr_line' id='line_1_5' title="bbox 190 700 1269 778; baseline -0.003 -12"><span class='ocrx_word' id='word_1_40' title='bbox 190 720 254 766; x_wconf 85' lang='lat' dir='ltr'><strong>esse</strong></span> <span class='ocrx_word' id='word_1_41' title='bbox 270 701 447 775; x_wconf 86' lang='lat' dir='ltr'><strong>ferebantur,</strong></span> <span class='ocrx_word' id='word_1_42' title='bbox 468 720 536 762; x_wconf 90' lang='lat' dir='ltr'><strong>cum</strong></span> <span class='ocrx_word' id='word_1_43' title='bbox 552 700 607 761; x_wconf 92' lang='lat' dir='ltr'><strong>sibi</strong></span> <span class='ocrx_word' id='word_1_44' title='bbox 621 701 704 762; x_wconf 88' lang='lat' dir='ltr'><strong>illurn</strong></span> <span class='ocrx_word' id='word_1_45' title='bbox 720 702 873 761; x_wconf 89' lang='lat' dir='ltr'><strong>consulem</strong></span> <span class='ocrx_word' id='word_1_46' title='bbox 885 719 949 761; x_wconf 86' lang='lat' dir='ltr'><strong>esse</strong></span> <span class='ocrx_word' id='word_1_47' title='bbox 965 709 1093 778; x_wconf 77' lang='lat' dir='ltr'><strong>negaret,</strong></span> <span class='ocrx_word' id='word_1_48' title='bbox 1111 703 1160 762; x_wconf 88' lang='lat' dir='ltr'><strong>cui</strong></span> <span class='ocrx_word' id='word_1_49' title='bbox 1176 721 1269 763; x_wconf 89' lang='lat' dir='ltr'><strong>sena-</strong></span> 
     </span>
     <span class='ocr_line' id='line_1_6' title="bbox 173 787 1267 866; baseline -0.001 -18"><span class='ocrx_word' id='word_1_50' title='bbox 173 798 236 848; x_wconf 90' lang='lat' dir='ltr'><strong>.tor</strong></span> <span class='ocrx_word' id='word_1_51' title='bbox 257 787 320 866; x_wconf 89' lang='lat' dir='ltr'><strong>ipse</strong></span> <span class='ocrx_word' id='word_1_52' title='bbox 339 805 401 846; x_wconf 93' lang='lat' dir='ltr'><strong>non</strong></span> <span class='ocrx_word' id='word_1_53' title='bbox 423 796 507 848; x_wconf 89' lang='lat' dir='ltr'><strong>esset.</strong></span> <span class='ocrx_word' id='word_1_54' title='bbox 559 787 682 858; x_wconf 82' lang='lat' dir='ltr'><strong>Anto,</strong></span> <span class='ocrx_word' id='word_1_55' title='bbox 705 803 789 846; x_wconf 86' lang='lat' dir='ltr'><strong>curn</strong></span> <span class='ocrx_word' id='word_1_56' title='bbox 812 804 962 847; x_wconf 88' lang='lat' dir='ltr'><strong>omnem</strong></span> <span class='ocrx_word' id='word_1_57' title='bbox 983 787 1267 848; x_wconf 86' lang='lat' dir='ltr'><strong>auctoritatem</strong></span> 
     </span>
     <span class='ocr_line' id='line_1_7' title="bbox 191 871 1270 951; baseline 0 -18"><span class='ocrx_word' id='word_1_58' title='bbox 191 873 365 933; x_wconf 91' lang='lat' dir='ltr'><strong>universi</strong></span> <span class='ocrx_word' id='word_1_59' title='bbox 396 872 554 933; x_wconf 87' lang='lat' dir='ltr'><strong>ordinis</strong></span> <span class='ocrx_word' id='word_1_60' title='bbox 576 889 642 949; x_wconf 89' lang='lat' dir='ltr'><strong>pro</strong></span> <span class='ocrx_word' id='word_1_61' title='bbox 666 871 831 948; x_wconf 84' lang='lat' dir='ltr'><strong>pignore</strong></span> <span class='ocrx_word' id='word_1_62' title='bbox 860 871 1012 951; x_wconf 88' lang='lat' dir='ltr'><strong>putaris</strong></span> <span class='ocrx_word' id='word_1_63' title='bbox 1039 889 1203 949; x_wconf 85' lang='lat' dir='ltr'><strong>eamque</strong></span> <span class='ocrx_word' id='word_1_64' title='bbox 1230 874 1270 933; x_wconf 92' lang='lat' dir='ltr'><strong>in</strong></span> 
     </span>
     <span class='ocr_line' id='line_1_8' title="bbox 191 957 1270 1036; baseline -0.002 -17"><span class='ocrx_word' id='word_1_65' title='bbox 191 966 404 1036; x_wconf 87' lang='lat' dir='ltr'><strong>conspectu</strong></span> <span class='ocrx_word' id='word_1_66' title='bbox 421 957 990 1036; x_wconf 76' lang='lat' dir='ltr'><strong>populiRomaniconcideriS‚</strong></span> <span class='ocrx_word' id='word_1_67' title='bbox 1013 975 1068 1016; x_wconf 89' lang='lat' dir='ltr'><strong>me</strong></span> <span class='ocrx_word' id='word_1_68' title='bbox 1090 957 1152 1017; x_wconf 92' lang='lat' dir='ltr'><strong>his</strong></span> <span class='ocrx_word' id='word_1_69' title='bbox 1178 959 1270 1018; x_wconf 83' lang='lat' dir='ltr'><strong>exi-</strong></span> 
     </span>
     <span class='ocr_line' id='line_1_9' title="bbox 192 1038 1268 1121; baseline 0 -17"><span class='ocrx_word' id='word_1_70' title='bbox 192 1038 759 1121; x_wconf 75' lang='lat' dir='ltr'><strong>stimaspignoribusterreri‘?</strong></span> <span class='ocrx_word' id='word_1_71' title='bbox 787 1042 959 1103; x_wconf 92' lang='lat' dir='ltr'><strong>Noutibi</strong></span> <span class='ocrx_word' id='word_1_72' title='bbox 980 1042 1268 1104; x_wconf 89' lang='lat' dir='ltr'><strong>illasuntcae-</strong></span> 
     </span>
     <span class='ocr_line' id='line_1_10' title="bbox 192 1127 1269 1200; baseline -0.001 -11"><span class='ocrx_word' id='word_1_73' title='bbox 192 1127 686 1200; x_wconf 84' lang='lat' dir='ltr'><strong>denda‚siL.Crassumvis</strong></span> <span class='ocrx_word' id='word_1_74' title='bbox 703 1133 905 1188; x_wconf 74' lang='lat' dir='ltr'><strong>coercere:</strong></span> <span class='ocrx_word' id='word_1_75' title='bbox 928 1128 1018 1188; x_wconf 88' lang='lat' dir='ltr'><strong>haec</strong></span> <span class='ocrx_word' id='word_1_76' title='bbox 1035 1127 1269 1188; x_wconf 87' lang='lat' dir='ltr'><strong>tibiestin-</strong></span> 
     </span>
     <span class='ocr_line' id='line_1_11' title="bbox 192 1211 1267 1291; baseline 0 -17"><span class='ocrx_word' id='word_1_77' title='bbox 192 1211 520 1290; x_wconf 85' lang='lat' dir='ltr'><strong>cidendalingua‚</strong></span> <span class='ocrx_word' id='word_1_78' title='bbox 544 1212 1094 1291; x_wconf 82' lang='lat' dir='ltr'><strong>quarelevolsaspirituipso</strong></span> <span class='ocrx_word' id='word_1_79' title='bbox 1116 1213 1267 1274; x_wconf 91' lang='lat' dir='ltr'><strong>libidi-</strong></span> 
     </span>
     <span class='ocr_line' id='line_1_12' title="bbox 105 1297 1267 1365; baseline 0 -5"><span class='ocrx_word' id='word_1_80' title='bbox 105 1304 135 1365; x_wconf 72' lang='grc'><strong>2.</strong></span> <span class='ocrx_word' id='word_1_81' title='bbox 155 1297 876 1360; x_wconf 85' lang='lat' dir='ltr'><strong>5.ne1ntuamlibartasmearefutabit.</strong></span> <span class='ocrx_word' id='word_1_82' title='bbox 921 1297 1067 1358; x_wconf 80' lang='lat' dir='ltr'><strong>Permulta</strong></span> <span class='ocrx_word' id='word_1_83' title='bbox 1090 1306 1154 1358; x_wconf 89' lang='lat' dir='ltr'><strong>tum</strong></span> <span class='ocrx_word' id='word_1_84' title='bbox 1172 1299 1267 1360; x_wconf 88' lang='lat' dir='ltr'><strong>vehe-</strong></span> 
     </span>
     <span class='ocr_line' id='line_1_13' title="bbox 193 1382 1269 1461; baseline 0.002 -17"><span class='ocrx_word' id='word_1_85' title='bbox 193 1383 374 1444; x_wconf 88' lang='lat' dir='ltr'><strong>mentissima</strong></span> <span class='ocrx_word' id='word_1_86' title='bbox 389 1383 577 1444; x_wconf 79' lang='lat' dir='ltr'><strong>contentione</strong></span> <span class='ocrx_word' id='word_1_87' title='bbox 592 1383 697 1454; x_wconf 81' lang='lat' dir='ltr'><strong>animi,</strong></span> <span class='ocrx_word' id='word_1_88' title='bbox 719 1383 844 1461; x_wconf 82' lang='lat' dir='ltr'><strong>ingenii,</strong></span> <span class='ocrx_word' id='word_1_89' title='bbox 866 1383 973 1442; x_wconf 91' lang='lat' dir='ltr'><strong>virium</strong></span> <span class='ocrx_word' id='word_1_90' title='bbox 995 1382 1030 1443; x_wconf 89' lang='lat' dir='ltr'><strong>ab</strong></span> <span class='ocrx_word' id='word_1_91' title='bbox 1054 1401 1088 1442; x_wconf 89' lang='lat' dir='ltr'><strong>eo</strong></span> <span class='ocrx_word' id='word_1_92' title='bbox 1106 1383 1183 1444; x_wconf 85' lang='lat' dir='ltr'><strong>dicta</strong></span> <span class='ocrx_word' id='word_1_93' title='bbox 1200 1403 1269 1446; x_wconf 89' lang='lat' dir='ltr'><strong>esse</strong></span> 
     </span>
     <span class='ocr_line' id='line_1_14' title="bbox 193 1468 1268 1546; baseline 0 -16"><span class='ocrx_word' id='word_1_94' title='bbox 193 1468 344 1530; x_wconf 79' lang='lat' dir='ltr'><strong>constabat</strong></span> <span class='ocrx_word' id='word_1_95' title='bbox 358 1469 588 1545; x_wconf 88' lang='lat' dir='ltr'><strong>sententiamque</strong></span> <span class='ocrx_word' id='word_1_96' title='bbox 598 1487 671 1543; x_wconf 88' lang='lat' dir='ltr'><strong>eam,</strong></span> <span class='ocrx_word' id='word_1_97' title='bbox 690 1486 779 1546; x_wconf 89' lang='lat' dir='ltr'><strong>quarn</strong></span> <span class='ocrx_word' id='word_1_98' title='bbox 792 1479 909 1528; x_wconf 90' lang='lat' dir='ltr'><strong>senatus</strong></span> <span class='ocrx_word' id='word_1_99' title='bbox 922 1471 1063 1546; x_wconf 85' lang='lat' dir='ltr'><strong>frequens</strong></span> <span class='ocrx_word' id='word_1_100' title='bbox 1078 1479 1199 1529; x_wconf 86' lang='lat' dir='ltr'><strong>seculus</strong></span> <span class='ocrx_word' id='word_1_101' title='bbox 1211 1480 1268 1542; x_wconf 88' lang='lat' dir='ltr'><strong>est,</strong></span> 
     </span>
     <span class='ocr_line' id='line_1_15' title="bbox 194 1547 1266 1632; baseline 0.002 -18"><span class='ocrx_word' id='word_1_102' title='bbox 194 1547 385 1614; x_wconf 88' lang='lat' dir='ltr'><strong>ornatissimis</strong></span> <span class='ocrx_word' id='word_1_103' title='bbox 401 1561 429 1612; x_wconf 92' lang='lat' dir='ltr'><strong>et</strong></span> <span class='ocrx_word' id='word_1_104' title='bbox 443 1554 622 1632; x_wconf 81' lang='lat' dir='ltr'><strong>gravissimis</strong></span> <span class='ocrx_word' id='word_1_105' title='bbox 639 1551 744 1626; x_wconf 84' lang='lat' dir='ltr'><strong>verbis,</strong></span> <span class='ocrx_word' id='word_1_106' title='bbox 760 1561 798 1613; x_wconf 92' lang='lat' dir='ltr'><strong>ut</strong></span> <span class='ocrx_word' id='word_1_107' title='bbox 813 1554 957 1631; x_wconf 88' lang='lat' dir='ltr'><strong>populo</strong></span> <span class='ocrx_word' id='word_1_108' title='bbox 973 1555 1145 1614; x_wconf 87' lang='lat' dir='ltr'><strong>Rornauo</strong></span> <span class='ocrx_word' id='word_1_109' title='bbox 1162 1556 1266 1616; x_wconf 91' lang='lat' dir='ltr'><strong>satis</strong></span> 
     </span>
     <span class='ocr_line' id='line_1_16' title="bbox 195 1639 1268 1718; baseline 0.001 -19"><span class='ocrx_word' id='word_1_110' title='bbox 195 1641 327 1712; x_wconf 88' lang='lat' dir='ltr'><strong>fieret,</strong></span> <span class='ocrx_word' id='word_1_111' title='bbox 352 1644 869 1716; x_wconf 87' lang='lat' dir='ltr'><strong>numquamscnatusne&#39;que</strong></span> <span class='ocrx_word' id='word_1_112' title='bbox 889 1639 1099 1699; x_wconf 87' lang='lat' dir='ltr'><strong>consilium</strong></span> <span class='ocrx_word' id='word_1_113' title='bbox 1117 1641 1268 1718; x_wconf 87' lang='lat' dir='ltr'><strong>reipu-</strong></span> 
     </span>
    </p>
   </div>
   <div class='ocr_carea' id='block_1_3' title="bbox 194 1771 1276 4034">
    <p class='ocr_par' dir='ltr' id='par_1_3' title="bbox 194 1771 1271 1904">
     <span class='ocr_line' id='line_1_17' title="bbox 279 1771 1271 1836; baseline 0.002 -14"><span class='ocrx_word' id='word_1_114' title='bbox 279 1775 403 1823; x_wconf 77' lang='lat' dir='ltr'><strong>uerborum</strong></span> <span class='ocrx_word' id='word_1_115' title='bbox 414 1775 483 1836; x_wconf 78' lang='lat' dir='ltr'><strong>fucos</strong></span> <span class='ocrx_word' id='word_1_116' title='bbox 500 1777 652 1823; x_wconf 71' lang='lat' dir='ltr'><strong>admouisset:</strong></span> <span class='ocrx_word' id='word_1_117' title='bbox 669 1772 741 1822; x_wconf 87' lang='lat' dir='ltr'><strong>einen</strong></span> <span class='ocrx_word' id='word_1_118' title='bbox 762 1771 923 1822; x_wconf 78' lang='lat' dir='ltr'><strong>Fauerbrand</strong></span> <span class='ocrx_word' id='word_1_119' title='bbox 940 1788 990 1821; x_wconf 90' lang='lat' dir='ltr'><strong>von</strong></span> <span class='ocrx_word' id='word_1_120' title='bbox 1011 1771 1118 1824; x_wconf 87' lang='lat' dir='ltr'><strong>Worteu</strong></span> <span class='ocrx_word' id='word_1_121' title='bbox 1132 1773 1271 1836; x_wconf 84' lang='lat' dir='ltr'><strong>goschleu-</strong></span> 
     </span>
     <span class='ocr_line' id='line_1_18' title="bbox 194 1839 1117 1904; baseline 0.004 -14"><span class='ocrx_word' id='word_1_122' title='bbox 194 1843 251 1892; x_wconf 82' lang='lat' dir='ltr'><strong>dart</strong></span> <span class='ocrx_word' id='word_1_123' title='bbox 270 1841 350 1893; x_wconf 88' lang='lat' dir='ltr'><strong>hatte.</strong></span> <span class='ocrx_word' id='word_1_124' title='bbox 385 1841 433 1892; x_wconf 88' lang='lat' dir='ltr'><strong>Mit</strong></span> <span class='ocrx_word' id='word_1_125' title='bbox 449 1840 586 1891; x_wconf 81' lang='lat' dir='ltr'><strong>lliicksicht</strong></span> <span class='ocrx_word' id='word_1_126' title='bbox 603 1839 704 1890; x_wconf 84' lang='lat' dir='ltr'><strong>hieraul</strong></span> <span class='ocrx_word' id='word_1_127' title='bbox 720 1842 789 1891; x_wconf 88' lang='lat' dir='ltr'><strong>steht</strong></span> <span class='ocrx_word' id='word_1_128' title='bbox 809 1841 842 1891; x_wconf 89' lang='lat' dir='ltr'><strong>im</strong></span> <span class='ocrx_word' id='word_1_129' title='bbox 860 1841 1001 1904; x_wconf 82' lang='lat' dir='ltr'><strong>Folgendeu</strong></span> <span class='ocrx_word' id='word_1_130' title='bbox 1019 1847 1117 1894; x_wconf 74' lang='lat' dir='ltr'><strong>exarsit.</strong></span> 
     </span>
    </p>

    <p class='ocr_par' dir='ltr' id='par_1_4' title="bbox 194 1909 1275 2318">
     <span class='ocr_line' id='line_1_19' title="bbox 275 1909 1272 1975; baseline 0.001 -16"><span class='ocrx_word' id='word_1_131' title='bbox 275 1913 465 1975; x_wconf 61' lang='lat' dir='ltr'><strong>piaculumque</strong></span> <span class='ocrx_word' id='word_1_132' title='bbox 481 1913 567 1960; x_wconf 78' lang='lat' dir='ltr'><strong>ablotis</strong></span> <span class='ocrx_word' id='word_1_133' title='bbox 584 1937 617 1944; x_wconf 96' lang='lat'>-</span> <span class='ocrx_word' id='word_1_134' title='bbox 636 1915 746 1960; x_wconf 61' lang='lat' dir='ltr'><strong>coercere.</strong></span> <span class='ocrx_word' id='word_1_135' title='bbox 764 1911 815 1959; x_wconf 89' lang='lat' dir='ltr'><strong>Der</strong></span> <span class='ocrx_word' id='word_1_136' title='bbox 833 1910 1004 1975; x_wconf 84' lang='lat' dir='ltr'><strong>priisidircbde</strong></span> <span class='ocrx_word' id='word_1_137' title='bbox 1024 1909 1162 1973; x_wconf 83' lang='lat' dir='ltr'><strong>Magistrot</strong></span> <span class='ocrx_word' id='word_1_138' title='bbox 1181 1909 1272 1960; x_wconf 85' lang='lat' dir='ltr'><strong>durste</strong></span> 
     </span>
     <span class='ocr_line' id='line_1_20' title="bbox 195 1976 1273 2044; baseline 0.002 -16"><span class='ocrx_word' id='word_1_139' title='bbox 195 1980 241 2029; x_wconf 87' lang='lat' dir='ltr'><strong>den</strong></span> <span class='ocrx_word' id='word_1_140' title='bbox 257 1978 385 2042; x_wconf 76' lang='lat' dir='ltr'><strong>siiumigen</strong></span> <span class='ocrx_word' id='word_1_141' title='bbox 404 1979 465 2028; x_wconf 88' lang='lat' dir='ltr'><strong>odor</strong></span> <span class='ocrx_word' id='word_1_142' title='bbox 482 1978 683 2042; x_wconf 81' lang='lat' dir='ltr'><strong>unbotmiissigeu</strong></span> <span class='ocrx_word' id='word_1_143' title='bbox 703 1979 809 2028; x_wconf 84' lang='lat' dir='ltr'><strong>Senator</strong></span> <span class='ocrx_word' id='word_1_144' title='bbox 825 1979 934 2028; x_wconf 87' lang='lat' dir='ltr'><strong>mittelst</strong></span> <span class='ocrx_word' id='word_1_145' title='bbox 945 1976 1113 2044; x_wconf 83' lang='lat' dir='ltr'><strong>Abpf&#39;aindnng</strong></span> <span class='ocrx_word' id='word_1_146' title='bbox 1133 1979 1203 2029; x_wconf 87' lang='lat' dir='ltr'><strong>eines</strong></span> <span class='ocrx_word' id='word_1_147' title='bbox 1221 1979 1273 2031; x_wconf 84' lang='lat' dir='ltr'><strong>Ge-</strong></span> 
     </span>
     <span class='ocr_line' id='line_1_21' title="bbox 194 2045 1273 2112; baseline 0 -14"><span class='ocrx_word' id='word_1_148' title='bbox 194 2046 343 2112; x_wconf 84' lang='lat' dir='ltr'><strong>genstandes</strong></span> <span class='ocrx_word' id='word_1_149' title='bbox 362 2045 465 2110; x_wconf 84' lang='lat' dir='ltr'><strong>straleu,</strong></span> <span class='ocrx_word' id='word_1_150' title='bbox 485 2047 598 2096; x_wconf 84' lang='lat' dir='ltr'><strong>welchen</strong></span> <span class='ocrx_word' id='word_1_151' title='bbox 617 2047 698 2097; x_wconf 86' lang='lat' dir='ltr'><strong>dieser</strong></span> <span class='ocrx_word' id='word_1_152' title='bbox 718 2047 783 2096; x_wconf 84' lang='lat' dir='ltr'><strong>donn</strong></span> <span class='ocrx_word' id='word_1_153' title='bbox 797 2047 875 2097; x_wconf 86' lang='lat' dir='ltr'><strong>durch</strong></span> <span class='ocrx_word' id='word_1_154' title='bbox 887 2050 942 2098; x_wconf 85' lang='lat' dir='ltr'><strong>eino</strong></span> <span class='ocrx_word' id='word_1_155' title='bbox 961 2047 1177 2098; x_wconf 88' lang='lat' dir='ltr'><strong>zueutrichtende</strong></span> <span class='ocrx_word' id='word_1_156' title='bbox 1191 2046 1273 2098; x_wconf 87' lang='lat' dir='ltr'><strong>Geld-</strong></span> 
     </span>
     <span class='ocr_line' id='line_1_22' title="bbox 194 2114 1273 2179; baseline -0.001 -12"><span class='ocrx_word' id='word_1_157' title='bbox 194 2131 286 2167; x_wconf 84' lang='lat' dir='ltr'><strong>summo</strong></span> <span class='ocrx_word' id='word_1_158' title='bbox 304 2115 446 2166; x_wconf 81' lang='lat' dir='ltr'><strong>einzuliisen</strong></span> <span class='ocrx_word' id='word_1_159' title='bbox 469 2117 555 2179; x_wconf 84' lang='lat' dir='ltr'><strong>hatte,</strong></span> <span class='ocrx_word' id='word_1_160' title='bbox 580 2114 761 2179; x_wconf 81' lang='lat' dir='ltr'><strong>widrigcuialls</strong></span> <span class='ocrx_word' id='word_1_161' title='bbox 786 2115 899 2166; x_wconf 88' lang='lat' dir='ltr'><strong>derselbc</strong></span> <span class='ocrx_word' id='word_1_162' title='bbox 921 2116 1064 2166; x_wconf 88' lang='lat' dir='ltr'><strong>veruicbtet</strong></span> <span class='ocrx_word' id='word_1_163' title='bbox 1082 2117 1178 2166; x_wconf 87' lang='lat' dir='ltr'><strong>wurde.</strong></span> <span class='ocrx_word' id='word_1_164' title='bbox 1218 2116 1273 2168; x_wconf 91' lang='lat' dir='ltr'><strong>Ur-</strong></span> 
     </span>
     <span class='ocr_line' id='line_1_23' title="bbox 194 2182 1274 2251; baseline 0.001 -15"><span class='ocrx_word' id='word_1_165' title='bbox 194 2184 337 2251; x_wconf 80' lang='lat' dir='ltr'><strong>spriinglicb</strong></span> <span class='ocrx_word' id='word_1_166' title='bbox 360 2185 464 2235; x_wconf 86' lang='lat' dir='ltr'><strong>worden</strong></span> <span class='ocrx_word' id='word_1_167' title='bbox 483 2184 691 2234; x_wconf 85' lang='lat' dir='ltr'><strong>wahrschoinlich</strong></span> <span class='ocrx_word' id='word_1_168' title='bbox 714 2182 804 2234; x_wconf 86' lang='lat' dir='ltr'><strong>Scbalo</strong></span> <span class='ocrx_word' id='word_1_169' title='bbox 828 2183 1004 2250; x_wconf 76' lang='lat' dir='ltr'><strong>abgaplantct,</strong></span> <span class='ocrx_word' id='word_1_170' title='bbox 1028 2184 1124 2235; x_wconf 83' lang='lat' dir='ltr'><strong>welche</strong></span> <span class='ocrx_word' id='word_1_171' title='bbox 1150 2188 1274 2249; x_wconf 80' lang='lat' dir='ltr'><strong>getlidtet</strong></span> 
     </span>
     <span class='ocr_line' id='line_1_24' title="bbox 194 2252 1275 2318; baseline 0.003 -14"><span class='ocrx_word' id='word_1_172' title='bbox 194 2252 1275 2318; x_wconf 71' lang='lat' dir='ltr'><strong>wurden‚wenndicEiuldsungnichterfolgte3daberpiqnnsoocdcrsoderconcideret.</strong></span> 
     </span>
    </p>

    <p class='ocr_par' dir='ltr' id='par_1_5' title="bbox 194 2321 1273 2446">
     <span class='ocr_line' id='line_1_25' title="bbox 279 2321 1273 2387; baseline 0.004 -16"><span class='ocrx_word' id='word_1_173' title='bbox 279 2326 342 2374; x_wconf 81' lang='lat' dir='ltr'><strong>dioto</strong></span> <span class='ocrx_word' id='word_1_174' title='bbox 361 2340 410 2373; x_wconf 75' lang='lat' dir='ltr'><strong>osse</strong></span> <span class='ocrx_word' id='word_1_175' title='bbox 428 2325 576 2378; x_wconf 66' lang='lat' dir='ltr'><strong>terebantur.</strong></span> <span class='ocrx_word' id='word_1_176' title='bbox 598 2321 655 2385; x_wconf 83' lang='lat' dir='ltr'><strong>Vgl.</strong></span> <span class='ocrx_word' id='word_1_177' title='bbox 676 2321 695 2374; x_wconf 87' lang='lat' dir='ltr'><strong>l.</strong></span> <span class='ocrx_word' id='word_1_178' title='bbox 709 2326 733 2385; x_wconf 83' lang='lat' dir='ltr'><strong>i,</strong></span> <span class='ocrx_word' id='word_1_179' title='bbox 744 2325 790 2374; x_wconf 84' lang='lat'><strong>28:</strong></span> <span class='ocrx_word' id='word_1_180' title='bbox 810 2340 871 2387; x_wconf 78' lang='lat' dir='ltr'><strong>quoe</strong></span> <span class='ocrx_word' id='word_1_181' title='bbox 886 2325 1025 2384; x_wconf 70' lang='lat' dir='ltr'><strong>pttbsopbt</strong></span> <span class='ocrx_word' id='word_1_182' title='bbox 1043 2327 1162 2374; x_wconf 76' lang='lat' dir='ltr'><strong>divinitus</strong></span> <span class='ocrx_word' id='word_1_183' title='bbox 1177 2325 1273 2386; x_wconf 70' lang='lat' dir='ltr'><strong>smne</strong></span> 
     </span>
     <span class='ocr_line' id='line_1_26' title="bbox 194 2395 627 2446; baseline 0.007 -3"><span class='ocrx_word' id='word_1_184' title='bbox 194 2409 243 2443; x_wconf 79' lang='lat' dir='ltr'><strong>ease</strong></span> <span class='ocrx_word' id='word_1_185' title='bbox 260 2395 332 2442; x_wconf 83' lang='lat' dir='ltr'><strong>dictu.</strong></span> <span class='ocrx_word' id='word_1_186' title='bbox 623 2433 627 2446; x_wconf 89' lang='grc'><strong>,</strong></span> 
     </span>
    </p>

    <p class='ocr_par' dir='ltr' id='par_1_6' title="bbox 194 2456 1276 2867">
     <span class='ocr_line' id='line_1_27' title="bbox 282 2456 1271 2523; baseline 0.003 -14"><span class='ocrx_word' id='word_1_187' title='bbox 282 2463 329 2509; x_wconf 77' lang='lat' dir='ltr'><strong>eibi</strong></span> <span class='ocrx_word' id='word_1_188' title='bbox 345 2462 414 2508; x_wconf 79' lang='lat' dir='ltr'><strong>illum</strong></span> <span class='ocrx_word' id='word_1_189' title='bbox 433 2475 496 2508; x_wconf 80' lang='lat' dir='ltr'><strong>conr.</strong></span> <span class='ocrx_word' id='word_1_190' title='bbox 513 2475 561 2508; x_wconf 80' lang='lat' dir='ltr'><strong>csse</strong></span> <span class='ocrx_word' id='word_1_191' title='bbox 578 2468 681 2523; x_wconf 72' lang='lat' dir='ltr'><strong>nequret.</strong></span> <span class='ocrx_word' id='word_1_192' title='bbox 701 2456 844 2508; x_wconf 87' lang='lat' dir='ltr'><strong>Gonaneres</strong></span> <span class='ocrx_word' id='word_1_193' title='bbox 863 2458 982 2508; x_wconf 85' lang='lat' dir='ltr'><strong>hieriibar</strong></span> <span class='ocrx_word' id='word_1_194' title='bbox 1000 2459 1041 2508; x_wconf 86' lang='lat' dir='ltr'><strong>bei</strong></span> <span class='ocrx_word' id='word_1_195' title='bbox 1062 2457 1120 2512; x_wconf 82' lang='lat' dir='ltr'><strong>Var.</strong></span> <span class='ocrx_word' id='word_1_196' title='bbox 1133 2458 1203 2518; x_wconf 82' lang='lat' dir='ltr'><strong>Max.</strong></span> <span class='ocrx_word' id='word_1_197' title='bbox 1224 2461 1271 2512; x_wconf 89' lang='lat' dir='ltr'><strong>Vl.</strong></span> 
     </span>
     <span class='ocr_line' id='line_1_28' title="bbox 196 2530 1274 2590; baseline 0.001 -10"><span class='ocrx_word' id='word_1_198' title='bbox 196 2532 220 2590; x_wconf 81' lang='lat'><strong>2,</strong></span> <span class='ocrx_word' id='word_1_199' title='bbox 243 2532 271 2580; x_wconf 85' lang='lat'><strong>2:</strong></span> <span class='ocrx_word' id='word_1_200' title='bbox 289 2530 319 2577; x_wconf 75' lang='lat' dir='ltr'><strong>L.</strong></span> <span class='ocrx_word' id='word_1_201' title='bbox 337 2544 391 2577; x_wconf 82' lang='lat' dir='ltr'><strong>vero</strong></span> <span class='ocrx_word' id='word_1_202' title='bbox 412 2530 540 2589; x_wconf 78' lang='lat' dir='ltr'><strong>Philippus</strong></span> <span class='ocrx_word' id='word_1_203' title='bbox 558 2531 737 2578; x_wconf 69' lang='lat' dir='ltr'><strong>ommi-otto</strong></span> <span class='ocrx_word' id='word_1_204' title='bbox 757 2531 805 2577; x_wconf 76' lang='lat' dir='ltr'><strong>sibi</strong></span> <span class='ocrx_word' id='word_1_205' title='bbox 821 2539 906 2578; x_wconf 72' lang='lat' dir='ltr'><strong>sonasti</strong></span> <span class='ocrx_word' id='word_1_206' title='bbox 923 2545 981 2588; x_wconf 79' lang='lat' dir='ltr'><strong>opus</strong></span> <span class='ocrx_word' id='word_1_207' title='bbox 1000 2545 1049 2579; x_wconf 80' lang='lat' dir='ltr'><strong>esse</strong></span> <span class='ocrx_word' id='word_1_208' title='bbox 1069 2531 1140 2590; x_wconf 72' lang='lat' dir='ltr'><strong>diets,</strong></span> <span class='ocrx_word' id='word_1_209' title='bbox 1160 2539 1274 2581; x_wconf 77' lang='lat' dir='ltr'><strong>tontum-</strong></span> 
     </span>
     <span class='ocr_line' id='line_1_29' title="bbox 195 2598 1276 2663; baseline 0.004 -17"><span class='ocrx_word' id='word_1_210' title='bbox 195 2615 240 2661; x_wconf 81' lang='lat' dir='ltr'><strong>que</strong></span> <span class='ocrx_word' id='word_1_211' title='bbox 256 2615 272 2648; x_wconf 84' lang='lat' dir='ltr'><strong>u</strong></span> <span class='ocrx_word' id='word_1_212' title='bbox 287 2600 435 2658; x_wconf 70' lang='lat' dir='ltr'><strong>poentientia</strong></span> <span class='ocrx_word' id='word_1_213' title='bbox 452 2600 512 2646; x_wconf 79' lang='lat' dir='ltr'><strong>dicti</strong></span> <span class='ocrx_word' id='word_1_214' title='bbox 526 2598 599 2659; x_wconf 73' lang='lat' dir='ltr'><strong>afuit,</strong></span> <span class='ocrx_word' id='word_1_215' title='bbox 618 2607 645 2644; x_wconf 85' lang='lat' dir='ltr'><strong>ut</strong></span> <span class='ocrx_word' id='word_1_216' title='bbox 663 2601 734 2646; x_wconf 80' lang='lat' dir='ltr'><strong>etium</strong></span> <span class='ocrx_word' id='word_1_217' title='bbox 752 2599 783 2646; x_wconf 76' lang='lat' dir='ltr'><strong>L.</strong></span> <span class='ocrx_word' id='word_1_218' title='bbox 804 2599 903 2659; x_wconf 80' lang='lat' dir='ltr'><strong>Oraaso,</strong></span> <span class='ocrx_word' id='word_1_219' title='bbox 930 2615 1034 2648; x_wconf 80' lang='lat' dir='ltr'><strong>summae</strong></span> <span class='ocrx_word' id='word_1_220' title='bbox 1053 2601 1180 2661; x_wconf 74' lang='lat' dir='ltr'><strong>da&#39;qnitatie</strong></span> <span class='ocrx_word' id='word_1_221' title='bbox 1198 2609 1276 2663; x_wconf 79' lang='lat' dir='ltr'><strong>atquc</strong></span> 
     </span>
     <span class='ocr_line' id='line_1_30' title="bbox 194 2666 1272 2732; baseline 0.001 -16"><span class='ocrx_word' id='word_1_222' title='bbox 194 2669 341 2732; x_wconf 70' lang='lat' dir='ltr'><strong>eloquentiae</strong></span> <span class='ocrx_word' id='word_1_223' title='bbox 348 2669 408 2723; x_wconf 81' lang='lat' dir='ltr'><strong>ciro,</strong></span> <span class='ocrx_word' id='word_1_224' title='bbox 427 2668 454 2714; x_wconf 80' lang='lat' dir='ltr'><strong>id</strong></span> <span class='ocrx_word' id='word_1_225' title='bbox 471 2669 498 2716; x_wconf 75' lang='lat' dir='ltr'><strong>in</strong></span> <span class='ocrx_word' id='word_1_226' title='bbox 515 2671 583 2716; x_wconf 78' lang='lat' dir='ltr'><strong>ouria</strong></span> <span class='ocrx_word' id='word_1_227' title='bbox 598 2669 706 2728; x_wconf 67' lang='lat' dir='ltr'><strong>oronim</strong></span> <span class='ocrx_word' id='word_1_228' title='bbox 716 2667 921 2728; x_wconf 68' lang='lat' dir='ltr'><strong>ferentinensem</strong></span> <span class='ocrx_word' id='word_1_229' title='bbox 935 2666 1100 2718; x_wconf 72' lang='lat' dir='ltr'><strong>inicitbberct.</strong></span> <span class='ocrx_word' id='word_1_230' title='bbox 1121 2669 1170 2717; x_wconf 80' lang='lat' dir='ltr'><strong>Ille</strong></span> <span class='ocrx_word' id='word_1_231' title='bbox 1182 2672 1272 2718; x_wconf 74' lang='lat' dir='ltr'><strong>reiecto</strong></span> 
     </span>
     <span class='ocr_line' id='line_1_31' title="bbox 196 2731 1270 2799; baseline 0.004 -15"><span class='ocrx_word' id='word_1_232' title='bbox 196 2739 277 2786; x_wconf 77' lang='lat' dir='ltr'><strong>lictore</strong></span> <span class='ocrx_word' id='word_1_233' title='bbox 294 2731 359 2784; x_wconf 78' lang='lat' dir='ltr'><strong>‘Non</strong></span> <span class='ocrx_word' id='word_1_234' title='bbox 376 2736 407 2783; x_wconf 73' lang='grc' dir='ltr'><strong>ιε’</strong></span> <span class='ocrx_word' id='word_1_235' title='bbox 426 2737 505 2797; x_wconf 81' lang='lat' dir='ltr'><strong>inquit</strong></span> <span class='ocrx_word' id='word_1_236' title='bbox 524 2734 600 2796; x_wconf 66' lang='lat' dir='ltr'><strong>‘mitt</strong></span> <span class='ocrx_word' id='word_1_237' title='bbox 621 2737 740 2796; x_wconf 75' lang='lat' dir='ltr'><strong>Philippo,</strong></span> <span class='ocrx_word' id='word_1_238' title='bbox 761 2739 851 2796; x_wconf 81' lang='lat' dir='ltr'><strong>consul,</strong></span> <span class='ocrx_word' id='word_1_239' title='bbox 870 2738 929 2798; x_wconf 80' lang='lat' dir='ltr'><strong>quia</strong></span> <span class='ocrx_word' id='word_1_240' title='bbox 947 2752 977 2784; x_wconf 80' lang='lat' dir='ltr'><strong>ne</strong></span> <span class='ocrx_word' id='word_1_241' title='bbox 995 2752 1034 2799; x_wconf 76' lang='lat' dir='ltr'><strong>eqo</strong></span> <span class='ocrx_word' id='word_1_242' title='bbox 1053 2739 1149 2798; x_wconf 76' lang='lat' dir='ltr'><strong>quidem</strong></span> <span class='ocrx_word' id='word_1_243' title='bbox 1169 2739 1217 2786; x_wconf 73' lang='lat' dir='ltr'><strong>titi</strong></span> <span class='ocrx_word' id='word_1_244' title='bbox 1233 2753 1270 2788; x_wconf 78' lang='lat' dir='ltr'><strong>se-</strong></span> 
     </span>
     <span class='ocr_line' id='line_1_32' title="bbox 197 2801 1233 2867; baseline 0.002 -13"><span class='ocrx_word' id='word_1_245' title='bbox 197 2814 268 2854; x_wconf 82' lang='lat' dir='ltr'><strong>nator</strong></span> <span class='ocrx_word' id='word_1_246' title='bbox 287 2801 356 2852; x_wconf 83' lang='lat' dir='ltr'><strong>sum’.</strong></span> <span class='ocrx_word' id='word_1_247' title='bbox 393 2802 513 2853; x_wconf 87' lang='lat' dir='ltr'><strong>llasselbc</strong></span> <span class='ocrx_word' id='word_1_248' title='bbox 531 2803 647 2852; x_wconf 78' lang='lat' dir='ltr'><strong>erwiihut</strong></span> <span class='ocrx_word' id='word_1_249' title='bbox 666 2803 731 2851; x_wconf 90' lang='lat' dir='ltr'><strong>auch</strong></span> <span class='ocrx_word' id='word_1_250' title='bbox 751 2801 834 2866; x_wconf 85' lang='lat' dir='ltr'><strong>Quint.</strong></span> <span class='ocrx_word' id='word_1_251' title='bbox 854 2802 920 2854; x_wconf 90' lang='lat' dir='ltr'><strong>Vlll.</strong></span> <span class='ocrx_word' id='word_1_252' title='bbox 942 2805 966 2867; x_wconf 89' lang='lat'><strong>3,</strong></span> <span class='ocrx_word' id='word_1_253' title='bbox 987 2805 1018 2855; x_wconf 83' lang='lat'><strong>89</strong></span> <span class='ocrx_word' id='word_1_254' title='bbox 1036 2820 1061 2852; x_wconf 88' lang='lat' dir='ltr'><strong>u.</strong></span> <span class='ocrx_word' id='word_1_255' title='bbox 1080 2801 1126 2852; x_wconf 89' lang='lat' dir='ltr'><strong>XI.</strong></span> <span class='ocrx_word' id='word_1_256' title='bbox 1147 2807 1170 2864; x_wconf 91' lang='lat'><strong>1,</strong></span> <span class='ocrx_word' id='word_1_257' title='bbox 1190 2805 1233 2856; x_wconf 80' lang='lat'><strong>37.</strong></span> 
     </span>
    </p>

    <p class='ocr_par' dir='ltr' id='par_1_7' title="bbox 197 2869 1271 3142">
     <span class='ocr_line' id='line_1_33' title="bbox 280 2869 1270 2935; baseline 0.002 -15"><span class='ocrx_word' id='word_1_258' title='bbox 280 2889 326 2933; x_wconf 82' lang='lat' dir='ltr'><strong>pro</strong></span> <span class='ocrx_word' id='word_1_259' title='bbox 343 2875 447 2935; x_wconf 72' lang='lat' dir='ltr'><strong>piqnore</strong></span> <span class='ocrx_word' id='word_1_260' title='bbox 459 2875 564 2933; x_wconf 78' lang='lat' dir='ltr'><strong>putoris.</strong></span> <span class='ocrx_word' id='word_1_261' title='bbox 584 2871 672 2920; x_wconf 87' lang='lat' dir='ltr'><strong>Dieser</strong></span> <span class='ocrx_word' id='word_1_262' title='bbox 689 2869 806 2920; x_wconf 87' lang='lat' dir='ltr'><strong>bildlicbo</strong></span> <span class='ocrx_word' id='word_1_263' title='bbox 823 2869 956 2921; x_wconf 78' lang='lat' dir='ltr'><strong>Ausdruck</strong></span> <span class='ocrx_word' id='word_1_264' title='bbox 972 2871 1038 2920; x_wconf 88' lang='lat' dir='ltr'><strong>wird</strong></span> <span class='ocrx_word' id='word_1_265' title='bbox 1058 2872 1138 2920; x_wconf 88' lang='lat' dir='ltr'><strong>durch</strong></span> <span class='ocrx_word' id='word_1_266' title='bbox 1155 2872 1195 2922; x_wconf 88' lang='lat' dir='ltr'><strong>die</strong></span> <span class='ocrx_word' id='word_1_267' title='bbox 1217 2871 1270 2922; x_wconf 86' lang='lat' dir='ltr'><strong>fol-</strong></span> 
     </span>
     <span class='ocr_line' id='line_1_34' title="bbox 198 2938 1270 3005; baseline 0.001 -16"><span class='ocrx_word' id='word_1_268' title='bbox 198 2941 292 3002; x_wconf 81' lang='lat' dir='ltr'><strong>genden</strong></span> <span class='ocrx_word' id='word_1_269' title='bbox 304 2939 395 2990; x_wconf 88' lang='lat' dir='ltr'><strong>Wortc</strong></span> <span class='ocrx_word' id='word_1_270' title='bbox 415 2941 493 2990; x_wconf 76' lang='lat' dir='ltr'><strong>niiher</strong></span> <span class='ocrx_word' id='word_1_271' title='bbox 509 2941 645 3000; x_wconf 80' lang='lat' dir='ltr'><strong>erliiutert3</strong></span> <span class='ocrx_word' id='word_1_272' title='bbox 664 2941 728 2989; x_wconf 89' lang='lat' dir='ltr'><strong>deun</strong></span> <span class='ocrx_word' id='word_1_273' title='bbox 742 2938 870 3005; x_wconf 85' lang='lat' dir='ltr'><strong>Philippus</strong></span> <span class='ocrx_word' id='word_1_274' title='bbox 891 2942 936 2989; x_wconf 87' lang='lat' dir='ltr'><strong>hat</strong></span> <span class='ocrx_word' id='word_1_275' title='bbox 957 2941 1035 2990; x_wconf 88' lang='lat' dir='ltr'><strong>durch</strong></span> <span class='ocrx_word' id='word_1_276' title='bbox 1054 2941 1095 2989; x_wconf 84' lang='lat' dir='ltr'><strong>dio</strong></span> <span class='ocrx_word' id='word_1_277' title='bbox 1107 2943 1270 3005; x_wconf 81' lang='lat' dir='ltr'><strong>Aeusserung</strong></span> 
     </span>
     <span class='ocr_line' id='line_1_35' title="bbox 197 3008 1271 3074; baseline -0.001 -14"><span class='ocrx_word' id='word_1_278' title='bbox 197 3011 324 3060; x_wconf 76' lang='lat' dir='ltr'><strong>videndum</strong></span> <span class='ocrx_word' id='word_1_279' title='bbox 340 3010 387 3058; x_wconf 77' lang='lat' dir='ltr'><strong>aidi</strong></span> <span class='ocrx_word' id='word_1_280' title='bbox 403 3025 451 3059; x_wconf 78' lang='lat' dir='ltr'><strong>osae</strong></span> <span class='ocrx_word' id='word_1_281' title='bbox 467 3019 507 3059; x_wconf 81' lang='lat' dir='ltr'><strong>cet.</strong></span> <span class='ocrx_word' id='word_1_282' title='bbox 536 3009 575 3058; x_wconf 89' lang='lat' dir='ltr'><strong>dio</strong></span> <span class='ocrx_word' id='word_1_283' title='bbox 593 3014 723 3059; x_wconf 78' lang='lat' dir='ltr'><strong>auotoritas</strong></span> <span class='ocrx_word' id='word_1_284' title='bbox 748 3019 843 3060; x_wconf 65' lang='lat' dir='ltr'><strong>senune</strong></span> <span class='ocrx_word' id='word_1_285' title='bbox 862 3010 953 3058; x_wconf 87' lang='lat' dir='ltr'><strong>cbenso</strong></span> <span class='ocrx_word' id='word_1_286' title='bbox 972 3008 1022 3058; x_wconf 86' lang='lat' dir='ltr'><strong>wie</strong></span> <span class='ocrx_word' id='word_1_287' title='bbox 1041 3009 1080 3059; x_wconf 87' lang='lat' dir='ltr'><strong>cin</strong></span> <span class='ocrx_word' id='word_1_288' title='bbox 1096 3015 1191 3074; x_wconf 66' lang='lat' dir='ltr'><strong>pequam</strong></span> <span class='ocrx_word' id='word_1_289' title='bbox 1207 3025 1271 3060; x_wconf 85' lang='lat' dir='ltr'><strong>ver-</strong></span> 
     </span>
     <span class='ocr_line' id='line_1_36' title="bbox 199 3075 1015 3142; baseline 0.007 -18"><span class='ocrx_word' id='word_1_290' title='bbox 199 3075 301 3136; x_wconf 86' lang='lat' dir='ltr'><strong>nichtet‚</strong></span> <span class='ocrx_word' id='word_1_291' title='bbox 321 3076 372 3124; x_wconf 90' lang='lat' dir='ltr'><strong>und</strong></span> <span class='ocrx_word' id='word_1_292' title='bbox 389 3075 560 3127; x_wconf 84' lang='lat' dir='ltr'><strong>Sohlimurcres</strong></span> <span class='ocrx_word' id='word_1_293' title='bbox 581 3077 673 3127; x_wconf 84' lang='lat' dir='ltr'><strong>honntc</strong></span> <span class='ocrx_word' id='word_1_294' title='bbox 692 3077 761 3126; x_wconf 87' lang='lat' dir='ltr'><strong>nicht</strong></span> <span class='ocrx_word' id='word_1_295' title='bbox 779 3079 849 3128; x_wconf 89' lang='lat' dir='ltr'><strong>mehr</strong></span> <span class='ocrx_word' id='word_1_296' title='bbox 867 3079 1015 3142; x_wconf 80' lang='lat' dir='ltr'><strong>gascheheu.</strong></span> 
     </span>
    </p>

    <p class='ocr_par' dir='ltr' id='par_1_8' title="bbox 196 3145 1271 3555">
     <span class='ocr_line' id='line_1_37' title="bbox 286 3145 1271 3209; baseline 0.001 -16"><span class='ocrx_word' id='word_1_297' title='bbox 286 3148 424 3194; x_wconf 75' lang='lat' dir='ltr'><strong>incidendo:</strong></span> <span class='ocrx_word' id='word_1_298' title='bbox 451 3147 634 3208; x_wconf 84' lang='lat' dir='ltr'><strong>zcrschneiden‚</strong></span> <span class='ocrx_word' id='word_1_299' title='bbox 663 3146 717 3195; x_wconf 90' lang='lat' dir='ltr'><strong>also</strong></span> <span class='ocrx_word' id='word_1_300' title='bbox 746 3146 824 3195; x_wconf 88' lang='lat' dir='ltr'><strong>durch</strong></span> <span class='ocrx_word' id='word_1_301' title='bbox 849 3146 1067 3209; x_wconf 84' lang='lat' dir='ltr'><strong>Verstiimmelung</strong></span> <span class='ocrx_word' id='word_1_302' title='bbox 1094 3145 1271 3196; x_wconf 83' lang='lat' dir='ltr'><strong>unbraucbbar</strong></span> 
     </span>
     <span class='ocr_line' id='line_1_38' title="bbox 197 3213 1270 3279; baseline 0.002 -17"><span class='ocrx_word' id='word_1_303' title='bbox 197 3214 307 3263; x_wconf 87' lang='lat' dir='ltr'><strong>macheu.</strong></span> <span class='ocrx_word' id='word_1_304' title='bbox 324 3213 392 3262; x_wconf 89' lang='lat' dir='ltr'><strong>Dazu</strong></span> <span class='ocrx_word' id='word_1_305' title='bbox 401 3213 499 3262; x_wconf 79' lang='lat' dir='ltr'><strong>eothtilt</strong></span> <span class='ocrx_word' id='word_1_306' title='bbox 508 3219 584 3265; x_wconf 79' lang='lat' dir='ltr'><strong>euulsa</strong></span> <span class='ocrx_word' id='word_1_307' title='bbox 602 3215 674 3264; x_wconf 85' lang='lat' dir='ltr'><strong>einen</strong></span> <span class='ocrx_word' id='word_1_308' title='bbox 686 3229 879 3278; x_wconf 81' lang='lat' dir='ltr'><strong>angemcssonen</strong></span> <span class='ocrx_word' id='word_1_309' title='bbox 888 3213 1037 3278; x_wconf 82' lang='lat' dir='ltr'><strong>Gegausatz‚</strong></span> <span class='ocrx_word' id='word_1_310' title='bbox 1055 3215 1104 3264; x_wconf 91' lang='lat' dir='ltr'><strong>und</strong></span> <span class='ocrx_word' id='word_1_311' title='bbox 1117 3213 1158 3264; x_wconf 84' lang='lat' dir='ltr'><strong>dia</strong></span> <span class='ocrx_word' id='word_1_312' title='bbox 1168 3215 1270 3279; x_wconf 78' lang='lat' dir='ltr'><strong>Steiga-</strong></span> 
     </span>
     <span class='ocr_line' id='line_1_39' title="bbox 196 3280 1270 3347; baseline 0.001 -15"><span class='ocrx_word' id='word_1_313' title='bbox 196 3280 385 3347; x_wconf 79' lang='lat' dir='ltr'><strong>rungspartikal</strong></span> <span class='ocrx_word' id='word_1_314' title='bbox 396 3287 433 3332; x_wconf 80' lang='lat' dir='ltr'><strong>oet</strong></span> <span class='ocrx_word' id='word_1_315' title='bbox 449 3281 483 3331; x_wconf 87' lang='lat' dir='ltr'><strong>ist</strong></span> <span class='ocrx_word' id='word_1_316' title='bbox 501 3299 550 3331; x_wconf 91' lang='lat' dir='ltr'><strong>nun</strong></span> <span class='ocrx_word' id='word_1_317' title='bbox 568 3283 724 3346; x_wconf 79' lang='lat' dir='ltr'><strong>hinl&#39;ainglich</strong></span> <span class='ocrx_word' id='word_1_318' title='bbox 744 3283 867 3334; x_wconf 89' lang='lat' dir='ltr'><strong>motivirt.</strong></span> <span class='ocrx_word' id='word_1_319' title='bbox 887 3281 1022 3346; x_wconf 82' lang='lat' dir='ltr'><strong>Uebrigens</strong></span> <span class='ocrx_word' id='word_1_320' title='bbox 1042 3282 1125 3332; x_wconf 87' lang='lat' dir='ltr'><strong>bilden</strong></span> <span class='ocrx_word' id='word_1_321' title='bbox 1144 3284 1184 3333; x_wconf 87' lang='lat' dir='ltr'><strong>die</strong></span> <span class='ocrx_word' id='word_1_322' title='bbox 1203 3285 1270 3333; x_wconf 83' lang='lat' dir='ltr'><strong>Aus-</strong></span> 
     </span>
     <span class='ocr_line' id='line_1_40' title="bbox 197 3351 1271 3418; baseline 0.004 -18"><span class='ocrx_word' id='word_1_323' title='bbox 197 3351 290 3402; x_wconf 83' lang='lat' dir='ltr'><strong>driickc</strong></span> <span class='ocrx_word' id='word_1_324' title='bbox 304 3353 427 3402; x_wconf 70' lang='lat' dir='ltr'><strong>concidero</strong></span> <span class='ocrx_word' id='word_1_325' title='bbox 446 3377 480 3386; x_wconf 86' lang='lat'><strong>--</strong></span> <span class='ocrx_word' id='word_1_326' title='bbox 500 3355 593 3402; x_wconf 77' lang='lat' dir='ltr'><strong>caedere</strong></span> <span class='ocrx_word' id='word_1_327' title='bbox 609 3380 643 3388; x_wconf 86' lang='lat'><em>-</em></span> <span class='ocrx_word' id='word_1_328' title='bbox 660 3355 765 3402; x_wconf 70' lang='lat' dir='ltr'><strong>incidero</strong></span> <span class='ocrx_word' id='word_1_329' title='bbox 789 3352 830 3402; x_wconf 89' lang='lat' dir='ltr'><strong>eiu</strong></span> <span class='ocrx_word' id='word_1_330' title='bbox 849 3351 978 3402; x_wconf 73' lang='lat' dir='ltr'><strong>bbuliches</strong></span> <span class='ocrx_word' id='word_1_331' title='bbox 998 3351 1138 3418; x_wconf 84' lang='lat' dir='ltr'><strong>Wortspiol</strong></span> <span class='ocrx_word' id='word_1_332' title='bbox 1156 3353 1205 3402; x_wconf 85' lang='lat' dir='ltr'><strong>wie</strong></span> <span class='ocrx_word' id='word_1_333' title='bbox 1226 3355 1271 3415; x_wconf 84' lang='lat'><strong>33,</strong></span> 
     </span>
     <span class='ocr_line' id='line_1_41' title="bbox 200 3420 1269 3485; baseline -0.002 -13"><span class='ocrx_word' id='word_1_334' title='bbox 200 3421 261 3472; x_wconf 79' lang='lat'><strong>136:</strong></span> <span class='ocrx_word' id='word_1_335' title='bbox 281 3424 351 3485; x_wconf 81' lang='lat' dir='ltr'><strong>effert</strong></span> <span class='ocrx_word' id='word_1_336' title='bbox 362 3437 394 3481; x_wconf 81' lang='lat' dir='ltr'><strong>se,</strong></span> <span class='ocrx_word' id='word_1_337' title='bbox 415 3423 439 3470; x_wconf 80' lang='lat' dir='ltr'><strong>ei</strong></span> <span class='ocrx_word' id='word_1_338' title='bbox 454 3437 530 3471; x_wconf 77' lang='lat' dir='ltr'><strong>unum</strong></span> <span class='ocrx_word' id='word_1_339' title='bbox 548 3425 642 3485; x_wconf 79' lang='lat' dir='ltr'><strong>aliquid</strong></span> <span class='ocrx_word' id='word_1_340' title='bbox 657 3423 739 3484; x_wconf 80' lang='lat' dir='ltr'><strong>adfert</strong></span> <span class='ocrx_word' id='word_1_341' title='bbox 744 3441 753 3484; x_wconf 86' lang='grc'><strong>,·</strong></span> <span class='ocrx_word' id='word_1_342' title='bbox 772 3420 801 3472; x_wconf 90' lang='lat' dir='ltr'><strong>ll.</strong></span> <span class='ocrx_word' id='word_1_343' title='bbox 821 3423 861 3484; x_wconf 80' lang='lat'><strong>72,</strong></span> <span class='ocrx_word' id='word_1_344' title='bbox 880 3424 943 3474; x_wconf 72' lang='lat'>294:</span> <span class='ocrx_word' id='word_1_345' title='bbox 962 3438 1012 3470; x_wconf 79' lang='lat' dir='ltr'><strong>uon</strong></span> <span class='ocrx_word' id='word_1_346' title='bbox 1024 3423 1091 3472; x_wconf 86' lang='lat' dir='ltr'><strong>modo</strong></span> <span class='ocrx_word' id='word_1_347' title='bbox 1103 3439 1153 3471; x_wconf 77' lang='lat' dir='ltr'><strong>uon</strong></span> <span class='ocrx_word' id='word_1_348' title='bbox 1172 3425 1269 3484; x_wconf 54' lang='lat' dir='ltr'><strong>abacto,</strong></span> 
     </span>
     <span class='ocr_line' id='line_1_42' title="bbox 197 3491 693 3555; baseline 0 -15"><span class='ocrx_word' id='word_1_349' title='bbox 197 3493 239 3540; x_wconf 82' lang='lat' dir='ltr'><strong>aed</strong></span> <span class='ocrx_word' id='word_1_350' title='bbox 256 3507 287 3540; x_wconf 79' lang='lat' dir='ltr'><strong>uc</strong></span> <span class='ocrx_word' id='word_1_351' title='bbox 304 3493 387 3540; x_wconf 79' lang='lat' dir='ltr'><strong>reiecto</strong></span> <span class='ocrx_word' id='word_1_352' title='bbox 403 3493 499 3552; x_wconf 66' lang='lat' dir='ltr'><strong>quidem</strong></span> <span class='ocrx_word' id='word_1_353' title='bbox 517 3501 581 3541; x_wconf 79' lang='lat' dir='ltr'><strong>scuto</strong></span> <span class='ocrx_word' id='word_1_354' title='bbox 594 3491 693 3555; x_wconf 72' lang='lat' dir='ltr'><strong>seqare.</strong></span> 
     </span>
    </p>

    <p class='ocr_par' dir='ltr' id='par_1_9' title="bbox 198 3555 1270 3884">
     <span class='ocr_line' id='line_1_43' title="bbox 283 3555 1270 3620; baseline -0.002 -12"><span class='ocrx_word' id='word_1_355' title='bbox 283 3561 378 3609; x_wconf 75' lang='lat' dir='ltr'><strong>tebertus</strong></span> <span class='ocrx_word' id='word_1_356' title='bbox 395 3574 447 3608; x_wconf 78' lang='lat' dir='ltr'><strong>meu</strong></span> <span class='ocrx_word' id='word_1_357' title='bbox 464 3561 585 3620; x_wconf 76' lang='lat' dir='ltr'><strong>refutabit,</strong></span> <span class='ocrx_word' id='word_1_358' title='bbox 606 3560 628 3609; x_wconf 88' lang='lat' dir='ltr'><strong>d.</strong></span> <span class='ocrx_word' id='word_1_359' title='bbox 639 3561 663 3610; x_wconf 91' lang='lat' dir='ltr'><strong>b.</strong></span> <span class='ocrx_word' id='word_1_360' title='bbox 681 3559 746 3608; x_wconf 90' lang='lat' dir='ltr'><strong>rnein</strong></span> <span class='ocrx_word' id='word_1_361' title='bbox 765 3557 947 3608; x_wconf 86' lang='lat' dir='ltr'><strong>Freibeitssiun</strong></span> <span class='ocrx_word' id='word_1_362' title='bbox 957 3557 1002 3606; x_wconf 85' lang='lat' dir='ltr'><strong>hut</strong></span> <span class='ocrx_word' id='word_1_363' title='bbox 1012 3558 1067 3607; x_wconf 87' lang='lat' dir='ltr'><strong>eino</strong></span> <span class='ocrx_word' id='word_1_364' title='bbox 1078 3557 1163 3606; x_wconf 88' lang='lat' dir='ltr'><strong>solche</strong></span> <span class='ocrx_word' id='word_1_365' title='bbox 1173 3555 1270 3619; x_wconf 78' lang='lat' dir='ltr'><strong>slacht,</strong></span> 
     </span>
     <span class='ocr_line' id='line_1_44' title="bbox 198 3626 1270 3692; baseline -0.002 -16"><span class='ocrx_word' id='word_1_366' title='bbox 198 3627 254 3676; x_wconf 89' lang='lat' dir='ltr'><strong>dass</strong></span> <span class='ocrx_word' id='word_1_367' title='bbox 274 3627 344 3677; x_wconf 87' lang='lat' dir='ltr'><strong>deluo</strong></span> <span class='ocrx_word' id='word_1_368' title='bbox 362 3627 536 3692; x_wconf 81' lang='lat' dir='ltr'><strong>iibermiithige</strong></span> <span class='ocrx_word' id='word_1_369' title='bbox 556 3627 669 3679; x_wconf 81' lang='lat' dir='ltr'><strong>Willkiir</strong></span> <span class='ocrx_word' id='word_1_370' title='bbox 688 3627 769 3677; x_wconf 90' lang='lat' dir='ltr'><strong>selbst</strong></span> <span class='ocrx_word' id='word_1_371' title='bbox 787 3627 866 3678; x_wconf 90' lang='lat' dir='ltr'><strong>durch</strong></span> <span class='ocrx_word' id='word_1_372' title='bbox 883 3627 978 3676; x_wconf 87' lang='lat' dir='ltr'><strong>moineu</strong></span> <span class='ocrx_word' id='word_1_373' title='bbox 1001 3626 1100 3676; x_wconf 90' lang='lat' dir='ltr'><strong>blossen</strong></span> <span class='ocrx_word' id='word_1_374' title='bbox 1115 3627 1206 3676; x_wconf 82' lang='lat' dir='ltr'><strong>Athen</strong></span> <span class='ocrx_word' id='word_1_375' title='bbox 1225 3627 1270 3676; x_wconf 83' lang='lat' dir='ltr'><strong>ab·</strong></span> 
     </span>
     <span class='ocr_line' id='line_1_45' title="bbox 199 3695 533 3757; baseline 0.006 -13"><span class='ocrx_word' id='word_1_376' title='bbox 199 3695 323 3757; x_wconf 82' lang='lat' dir='ltr'><strong>gewiesen</strong></span> <span class='ocrx_word' id='word_1_377' title='bbox 340 3695 442 3745; x_wconf 86' lang='lat' dir='ltr'><strong>werden</strong></span> <span class='ocrx_word' id='word_1_378' title='bbox 461 3696 533 3746; x_wconf 84' lang='lat' dir='ltr'><strong>kann.</strong></span> 
     </span>
     <span class='ocr_line' id='line_1_46' title="bbox 284 3761 1266 3831; baseline -0.004 -17"><span class='ocrx_word' id='word_1_379' title='bbox 284 3761 314 3819; x_wconf 78' lang='grc'><strong>2.</strong></span> <span class='ocrx_word' id='word_1_380' title='bbox 332 3767 355 3814; x_wconf 83' lang='lat'><strong>5.</strong></span> <span class='ocrx_word' id='word_1_381' title='bbox 374 3768 474 3816; x_wconf 78' lang='lat' dir='ltr'><strong>virium:</strong></span> <span class='ocrx_word' id='word_1_382' title='bbox 492 3763 883 3831; x_wconf 77' lang='lat' dir='ltr'><strong>libi-perkraft,wial.25,114;</strong></span> <span class='ocrx_word' id='word_1_383' title='bbox 897 3767 1095 3826; x_wconf 76' lang='lat' dir='ltr'><strong>sententiamque:</strong></span> <span class='ocrx_word' id='word_1_384' title='bbox 1112 3765 1163 3812; x_wconf 86' lang='lat' dir='ltr'><strong>und</strong></span> <span class='ocrx_word' id='word_1_385' title='bbox 1174 3764 1266 3814; x_wconf 87' lang='lat' dir='ltr'><strong>darnu-</strong></span> 
     </span>
     <span class='ocr_line' id='line_1_47' title="bbox 198 3833 933 3884; baseline 0.001 -4"><span class='ocrx_word' id='word_1_386' title='bbox 198 3837 237 3880; x_wconf 87' lang='lat' dir='ltr'><strong>ter</strong></span> <span class='ocrx_word' id='word_1_387' title='bbox 257 3833 326 3884; x_wconf 82' lang='lat' dir='ltr'><strong>auch.</strong></span> <span class='ocrx_word' id='word_1_388' title='bbox 926 3840 933 3855; x_wconf 94' lang='lat'><strong><em>¹</em></strong></span> 
     </span>
    </p>

    <p class='ocr_par' dir='ltr' id='par_1_10' title="bbox 197 3899 1264 4034">
     <span class='ocr_line' id='line_1_48' title="bbox 283 3899 1264 3966; baseline -0.001 -18"><span class='ocrx_word' id='word_1_389' title='bbox 283 3911 379 3952; x_wconf 77' lang='lat' dir='ltr'><strong>senatus</strong></span> <span class='ocrx_word' id='word_1_390' title='bbox 393 3903 519 3966; x_wconf 76' lang='lat' dir='ltr'><strong>frequens,</strong></span> <span class='ocrx_word' id='word_1_391' title='bbox 538 3903 559 3952; x_wconf 93' lang='lat' dir='ltr'><strong>d.</strong></span> <span class='ocrx_word' id='word_1_392' title='bbox 579 3903 603 3950; x_wconf 93' lang='lat' dir='ltr'><strong>h.</strong></span> <span class='ocrx_word' id='word_1_393' title='bbox 622 3901 647 3949; x_wconf 90' lang='lat' dir='ltr'><strong>in</strong></span> <span class='ocrx_word' id='word_1_394' title='bbox 668 3916 768 3964; x_wconf 79' lang='lat' dir='ltr'><strong>grossos·</strong></span> <span class='ocrx_word' id='word_1_395' title='bbox 786 3899 926 3964; x_wconf 78' lang='lat' dir='ltr'><strong>Majorit&#39;at,</strong></span> <span class='ocrx_word' id='word_1_396' title='bbox 947 3899 996 3950; x_wconf 86' lang='lat' dir='ltr'><strong>wic</strong></span> <span class='ocrx_word' id='word_1_397' title='bbox 1017 3902 1040 3962; x_wconf 88' lang='lat' dir='ltr'><strong>l,</strong></span> <span class='ocrx_word' id='word_1_398' title='bbox 1060 3901 1085 3952; x_wconf 83' lang='lat'><strong>2.</strong></span> <span class='ocrx_word' id='word_1_399' title='bbox 1104 3899 1149 3950; x_wconf 89' lang='lat' dir='ltr'><strong>Die</strong></span> <span class='ocrx_word' id='word_1_400' title='bbox 1162 3902 1264 3952; x_wconf 75' lang='lat' dir='ltr'><strong>ornatio·</strong></span> 
     </span>
     <span class='ocr_line' id='line_1_49' title="bbox 197 3967 1186 4034; baseline 0.003 -16"><span class='ocrx_word' id='word_1_401' title='bbox 197 3974 257 4020; x_wconf 76' lang='lat' dir='ltr'><strong>sima</strong></span> <span class='ocrx_word' id='word_1_402' title='bbox 275 3979 297 4020; x_wconf 81' lang='lat' dir='ltr'><strong>et</strong></span> <span class='ocrx_word' id='word_1_403' title='bbox 313 3987 351 4034; x_wconf 71' lang='lat' dir='ltr'><strong>qr,</strong></span> <span class='ocrx_word' id='word_1_404' title='bbox 369 3973 440 4020; x_wconf 80' lang='lat' dir='ltr'><strong>verbu</strong></span> <span class='ocrx_word' id='word_1_405' title='bbox 457 3970 512 4020; x_wconf 90' lang='lat' dir='ltr'><strong>siud</strong></span> <span class='ocrx_word' id='word_1_406' title='bbox 531 3971 570 4020; x_wconf 90' lang='lat' dir='ltr'><strong>die</strong></span> <span class='ocrx_word' id='word_1_407' title='bbox 590 3968 752 4019; x_wconf 88' lang='lat' dir='ltr'><strong>unmittelbar</strong></span> <span class='ocrx_word' id='word_1_408' title='bbox 771 3967 917 4032; x_wconf 81' lang='lat' dir='ltr'><strong>folgenden:</strong></span> <span class='ocrx_word' id='word_1_409' title='bbox 940 3973 970 4021; x_wconf 74' lang='lat' dir='ltr'><strong>Ut</strong></span> <span class='ocrx_word' id='word_1_410' title='bbox 978 3983 1035 4030; x_wconf 78' lang='lat' dir='ltr'><strong>pop.</strong></span> <span class='ocrx_word' id='word_1_411' title='bbox 1056 3973 1126 4020; x_wconf 78' lang='lat' dir='ltr'><strong>Rom.</strong></span> <span class='ocrx_word' id='word_1_412' title='bbox 1145 3980 1186 4021; x_wconf 74' lang='lat' dir='ltr'><strong>cst.</strong></span> 
     </span>
    </p>
   </div>
   <div class='ocr_carea' id='block_1_4' title="bbox 0 0 1392 4516">
    <p class='ocr_par' dir='ltr' id='par_1_11' title="bbox 0 0 1392 4516">
     <span class='ocr_line' id='line_1_50' title="bbox 0 0 1392 4516; baseline 0 0"><span class='ocrx_word' id='word_1_413' title='bbox 0 0 1392 4516; x_wconf 95' lang='lat' dir='ltr'><strong> </strong></span> 
     </span>
    </p>
   </div>
  </div>
 </body>
</html>
