2756 4520
240 9 346 102 ss

26 95 238 145 M

245 314 287 380 30
420 313 463 364 33
484 310 646 378 onerose,
664 313 709 364 nn.
728 311 769 364 nr.
788 328 841 379 cap.
856 315 897 365 31.
916 313 955 364 ar.
975 313 1148 375 sne-127.

236 486 304 530 rum
320 469 435 550 copiam
452 469 558 548 giguit3
580 476 624 541 et,
642 468 667 528 31
682 476 726 529 331
741 467 879 529 honestas
895 469 927 530 in
940 466 1031 528 rebus
1046 467 1135 546 ipsis,
1153 466 1312 546 dequibus

237 553 359 632 dicitur,
376 555 487 616 exsistit
507 555 551 629 [ex
566 554 608 630 re]
626 553 765 614 naturalis
781 553 901 633 quidam
916 552 1057 632 splendor
1073 553 1105 612 in
1120 551 1230 613 verbis.
1277 554 1312 614 Sit

236 641 326 702 modo
349 641 392 723 is,
417 639 469 720 qui
494 637 570 701 dicet
591 647 641 699 aut
663 637 783 711 scribet,
802 638 952 700 institutus
967 637 1123 698 liberaliter
1140 637 1310 699 educatione

240 725 433 805 doctrinaque
454 724 606 804 puerilist
627 723 729 802 flagret
750 724 847 786 studio
870 731 898 784 et
917 732 1052 785 enatura
1066 723 1223 784 adiuvetur
1239 733 1269 785 et
1284 726 1309 786 iu

236 811 446 872 universorum
462 827 604 889 generum
619 809 740 871 infinitis
760 808 1017 889 disceptationibus
1033 808 1209 870 exercitatus
1221 827 1308 870 orna·

143 928 148 935 ·
236 896 367 958 tissimus
381 896 540 975 scriptores
556 901 745 973 oratoresque
760 894 796 956 ad
812 894 1053 974 cognoscendum
1072 893 1307 973 imitandumque

237 980 383 1061 delegerit,
400 999 438 1042 ne
452 981 500 1042 ille
515 980 594 1041 haud
608 997 692 1053 sane,
707 998 798 1058 quem
813 979 849 1040 ad
867 978 991 1040 modum
1006 978 1095 1040 verba
1111 988 1206 1040 struat
1220 989 1250 1040 et
1263 981 1306 1040 13-

233 1067 366 1141 Inminet,
383 1086 398 1128 a
414 1065 559 1145 magistris
574 1065 636 1126 istis
651 1065 796 1144 requiret:
811 1066 850 1126 ita
865 1065 948 1126 facile
962 1064 994 1125 iu
1009 1082 1111 1125 rerum
1130 1063 1306 1140 abundantia

235 1152 272 1212 ad
289 1151 429 1213 orationis
446 1159 617 1212 ornamenta
635 1150 699 1211 sine
714 1151 788 1212 duce
804 1158 906 1211 natura
921 1150 997 1229 ipsa,
1013 1149 1037 1210 si
1054 1150 1144 1210 modo
1163 1159 1208 1212 est
1222 1169 1304 1212 exer-

236 1238 328 1318 citata,
343 1236 502 1298 delabetur.

100 1336 222 1399 311136.
321 1323 376 1382 Η13
390 1322 524 1383 Catulus:
543 1321 579 1382 111
592 1320 787 1392 immortales,
803 1319 916 1400 iuquit,
935 1327 1076 1399 quantam
1090 1338 1195 1382 rerum
1212 1322 1301 1382 varie·

235 1415 332 1481 tatem,
348 1415 487 1485 quantam
502 1405 715 1484 vim,quautam
726 1405 968 1484 copiam,Crasse,
984 1405 1157 1484 complexus
1166 1425 1199 1467 es
1211 1424 1301 1484 quan·

159 1525 163 1548 .
234 1493 330 1570 tisque
352 1511 387 1552 ex
408 1491 548 1570 angustiis
571 1498 719 1553 oratorem
742 1491 867 1551 educere
889 1509 979 1552 ausus
1000 1509 1032 1552 es
1055 1491 1136 1551 etin
1160 1492 1301 1552 maiorum

235 1595 360 1638 suorum
375 1596 467 1656 reguo
482 1575 639 1638 collocare!
684 1577 817 1654 Namque
830 1565 895 1636 illos
916 1585 1029 1636 3333333
1047 1575 1187 1638 13333333
1203 1587 1299 1638 aucto·

235 1681 342 1741 resque
361 1663 476 1724 dicendi
497 1662 611 1723 nullum
633 1679 726 1741 genus
749 1660 951 1739 disputationis
965 1680 981 1722 a
996 1679 1029 1722 33
1042 1661 1172 1722 alienum
1188 1671 1300 1741 putasse

164 1759 222 1816 123,
235 1748 401 1828 accepimus
417 1766 593 1826 semperque
608 1765 672 1807 esse
687 1746 719 1807 13
734 1747 815 1808 omni
831 1746 971 1810 orationis
982 1747 1095 1807 ratione
1103 1757 1254 1828 versatos;
1271 1766 1300 1808 33

235 1833 343 1913 quibus
357 1835 444 1894 Eleus
459 1832 591 1911 Hippiae,
607 1849 675 1892 cum
689 1832 854 1912 Olympiam
870 1831 998 1892 venisset
1012 1832 1139 1894 maxima
1154 1833 1201 1896 1113
1216 1833 1298 1913 quin·

235 1919 372 1997 quennali
386 1917 550 1980 celebritate
563 1916 713 1990 ludorum,
730 1917 868 1995 gloriatus
883 1925 927 1978 est
941 1925 1046 1978 cuncta
1061 1935 1155 1997 paene
1170 1918 1299 1979 audiente

229 2089 308 2137 uideri
323 2090 405 2148 331333,
425 2091 450 2138 33·
463 2088 580 2138 eiusmodi
597 2095 661 2147 33333,
680 2096 708 2136 ut
725 2104 752 2136 33
771 2103 809 2136 rea
827 2090 881 2150 1333
892 2089 1014 2148 peperisse
1032 2089 1159 2150 ridentum
1186 2085 1243 2139 lior.
1262 2102 1294 2152 ep.

230 2156 262 2204 ud
281 2152 330 2204 Pis.
349 2156 415 2207 311:
440 2157 563 2219 Verbaque
578 2159 699 2216 proruam
718 2172 768 2206 reru
785 2171 834 2206 non
854 2157 932 2206 inuita
948 2165 1085 2219 sequentur.

297 2227 420 2275 neutralia
437 2227 536 2289 quidam
553 2228 671 2286 splendor.
706 2223 765 2288 Vgl.
787 2225 856 2275 Brut.
875 2225 905 2284 9,
926 2223 971 2276 36:
995 2241 1067 2274 33333
1092 2227 1132 2274 uu
1158 2235 1181 2276 et
1205 2227 1294 2289 mnquu

230 2296 385 2355 ineorrtaptua
401 2310 475 2358 usque
493 2297 526 2343 ad
541 2296 602 2344 13333
624 2302 721 2344 enatem
739 2304 860 2344 eratenim
871 2294 939 2357 fuit,
957 2297 985 2343 in
1002 2309 1051 2356 que
1067 2297 1190 2345 naturalis
1206 2298 1292 2354 inesset,

229 2378 280 2412 non
292 2364 397 2427 furatur
413 2367 486 2412 nitor.

297 2433 466 2481 uniuersorum
483 2446 605 2494 qenerun,
625 2428 678 2492 vgl.
698 2430 739 2490 30,
760 2430 817 2482 120.

297 2516 327 2548 ne
344 2497 423 2561 (nicht
441 2516 487 2549 nae
512 2515 543 2548 zu
566 2497 711 2560 sehroibcu)
734 2498 802 2547 steht
824 2496 851 2546 in
876 2497 959 2547 dieser
983 2496 1129 2561 Bedeutung
1154 2497 1239 2548 immor
1257 2511 1291 2546 am

228 2563 329 2630 3131333
346 2566 414 2617 31333
432 2567 519 2617 Sstzes
537 2582 584 2616 vor
602 2567 681 2617 ciuem
702 2581 771 2632 pron.
789 2579 853 2632 pers.
873 2567 934 2615 oder
953 2565 1030 2628 dem,
1050 2565 1125 2616 meist
1145 2565 1171 2615 iu
1191 2565 1290 2618 Verbin-

229 2635 296 2698 duug
313 2634 360 2684 ruit
377 2633 456 2686 ciuem
465 2635 701 2700 Bedingungssatze,
721 2635 775 2684 doru
792 2649 820 2684 es
839 2635 967 2684 cntwedor
984 2635 1127 2698 voraugcltt
1147 2635 1290 2686 313333313-

228 2701 300 2768 13153.
335 2703 479 2755 Auchhior
496 2704 572 2754 istiu
591 2707 628 2772 631
647 2707 714 2754 niodo
735 2708 783 2756 oct.
802 2703 858 2753 ciue
876 2703 1020 2767 Bediugung
1038 2703 1179 2754 euthalteu.

296 2775 431 2824 1313133333
451 2773 516 2824 wind
534 2774 581 2823 deu
600 2772 733 2836 chrgaug
751 2771 844 2833 finden,
871 2771 926 2822 eine
951 2769 1029 2822 bitere
1048 2773 1227 2836 augewcudoie
1244 2769 1289 2820 tte·

226 2840 332 2906 tupher,
351 2843 402 2908 vgl.
425 2859 461 2894 or.
481 2846 527 2904 31,
548 2844 610 2894 111:
630 2848 678 2893 iam
697 2844 760 2892 31133
776 2844 878 2891 medium
896 2839 1004 2904 (dicendi
1018 2839 1105 2906 penus)
1123 2845 1230 2906 quotum
1246 2842 1286 2888 331

227 2907 416 2974 (1133333313333)
437 2914 529 2974 adripit
553 2921 576 2961 et
599 2927 614 2960 a
636 2913 778 2976 pronissime
803 2913 923 2960 discedent
947 2926 973 2960 33
994 2913 1149 2970 potissimum
1166 2912 1287 2964 nubitur

228 2976 298 3027 Lucl.
316 2981 357 3040 21,
376 2982 423 3033 ’163
441 2983 490 3030 ium
506 2983 570 3030 enin
588 2979 766 3042 3333133333
778 2979 995 3042 sumilnra'tutilus
1007 2981 1041 3030 ad
1056 2981 1164 3044 culperis
1184 2979 1288 3030 3333311131

232 3050 309 3096 erutis
326 3057 410 3098 nostru
426 3052 554 3099 3131311333.

297 3109 349 3170 32·
373 3118 428 3169 126.
444 3120 549 3179 edueere,
567 3117 615 3167 wie
630 3115 650 3170 l.
669 3119 711 3178 34,
733 3119 796 3168 157:
816 3117 946 3166 Educenda
963 3119 1047 3166 31333313
1067 3119 1140 3168 dictio
1157 3125 1191 3166 eat
1207 3131 1233 3165 33
1249 3115 1285 3162 lu

231 3184 356 3233 1333333333
373 3189 539 3236 exercitatione
559 3196 581 3236 et
599 3189 724 3236 mniratiti
740 3189 843 3236 medium
861 3189 889 3236 in
906 3200 999 3249 aqmen.

297 3256 425 3316 maiorum,
443 3253 494 3317 vgl.
514 3255 554 3317 16,
576 3257 625 3318 59;
644 3264 768 3304 auctores:
786 3252 890 3304 Meister
909 3252 969 3303 oder
987 3251 1092 3303 Muster.

300 3323 355 3372 121.
371 3320 474 3388 Hippias
494 3337 539 3372 sus
559 3321 630 3388 Elis,
649 3321 689 3373 oiu
704 3321 825 3386 jiingsror
842 3320 1004 3384 Zeitgeuossc
1019 3321 1062 3371 des
1082 3318 1230 3384 Protagoras
1245 3313 1284 3365 331

226 3389 795 3457 3333333133333131313333133133311133333
819 3389 949 3453 beriihmt,
975 3389 1040 3439 wird
1065 3389 1092 3438 iu
1116 3390 1172 3440 dem
1194 3385 1284 3453 pseudo·

226 3457 401 3522 plutonischeu
420 3459 512 3524 Dialog
530 3462 635 3521 Hippus
648 3479 680 3511 m.
698 3476 723 3525 p.
742 3461 792 3513 368
810 3459 931 3522 chgeu
948 3458 1030 3508 sciuer
1041 3455 1174 3508 Prablorci
1191 3455 1234 3506 mit
1248 3453 1285 3501 deu
1352 3475 1353 3484 .

226 3526 857 3594 hierorwiihuteulicuntuissouuudFertigkqiteu
867 3523 1012 3592 persildirt3
1027 3524 1088 3589 jeue
1108 3526 1188 3578 Stelle
1204 3520 1284 3576 seboin

227 3596 284 3646 bier
302 3595 390 3647 Cicero
408 3597 601 3662 vorgeschwcbt
618 3614 650 3647 zu
667 3598 756 3648 haben.
793 3596 861 3646 Uber
881 3595 921 3645 die
939 3594 1073 3661 Sophiston
1092 3595 1228 3660 iiberlraupt
1243 3586 1282 3652 331·

227 3663 298 3716 Brut.
316 3669 339 3729 8,
361 3669 408 3718 30:
437 3677 488 3718 tum
513 3672 584 3718 etiem
607 3669 719 3732 maqistri
741 3668 839 3716 dicendi
858 3667 932 3715 multi
955 3667 1031 3714 subito
1054 3668 1202 3716 enituerunt.
1235 3661 1281 3709 Tun

228 3735 362 3786 Leontinus
380 3737 490 3801 duratas,
510 3739 703 3800 lbraaymnebua
722 3738 898 3795 mundanus,
919 3735 1065 3798 Protaqorus
1083 3731 1281 3794 ,1133313113

228 3804 296 3852 dune
315 3805 381 3866 13333,
400 3807 506 3866 Hippias
523 3808 599 3855 Eleus
618 3809 647 3855 in
664 3821 750 3868 meque
768 3806 858 3853 bonore
877 3805 946 3863 fut't;
963 3805 1053 3866 olii'que
1069 3805 1143 3852 3333133·
1160 3797 1281 3862 3333333113

227 3873 314 3920 3331333
331 3875 653 3936 1333333333ῳῖ33133333,
673 3875 846 3937 odroqantidua
867 3887 925 3920 eene
949 3873 1038 3931 uerbis,
1066 3887 1138 3936 quem
1156 3874 1189 3922 ud
1203 3868 1279 3920 3333131
1351 3865 1352 3878 ’

227 3955 301 3989 eausa
318 3942 432 4003 infer-ior,
450 3945 486 3992 ite
504 3947 568 3991 enim
581 3943 745 4006 loquebantur,
764 3943 861 3990 dicendo
874 3941 937 4002 fieri
953 3944 1065 4001 33333333
1077 3949 1166 4002 posset.

298 4011 474 4072 quinquennali
497 4013 643 4060 3313333333
666 4009 711 4057 133
734 4007 760 4057 iu
777 4007 861 4070 jcdem
884 4004 981 4057 iunlteu
1004 4007 1081 4056 lehre
1108 4000 1278 4058 stattlindorder
