2756 4520
312 303 354 355 nn
368 303 532 368 onumen,
548 305 592 356 ou
612 305 653 357 111.
672 322 725 372 cap.
743 311 766 360 5.
786 304 802 375 ς
824 311 865 362 17.
887 310 927 361 1e.
1147 308 1207 404 19,

111 462 253 543 gitatione
268 461 404 540 posuisse
420 479 561 540 seseque,
583 462 634 540 qui
650 462 761 523 voltum
786 462 865 535 eius,
888 480 956 524 cum
979 463 1005 523 ei
1027 463 1185 525 dicendum

112 556 201 623 esset,
225 547 420 625 obtutumque
437 547 592 607 oculorum
608 548 639 608 in
655 547 809 626 cogitando
824 547 917 626 probe
934 557 1035 610 nosset
1053 560 1141 628 atque
1155 551 1186 612 in
1212 599 1214 606 ,

111 633 252 696 maximis
267 633 362 694 causis
379 650 466 710 saepe
477 633 603 705 vidisset,
619 641 682 694 tum
695 633 790 696 dedita
799 652 887 712 opera
898 634 1117 713 quiescentibus
1126 636 1186 696 aliis

111 720 144 780 in
162 737 226 780 eam
243 717 380 778 exedram
396 719 522 797 venisse,
538 719 569 778 in
585 736 643 796 que
659 719 780 780 Crassus
796 719 893 797 posito
908 720 1013 780 lectulo
1031 720 1185 784 recubuis-
1218 721 1221 748 ¹

112 813 167 877 set,
184 821 313 881 cumque
329 821 398 864 eum
413 803 542 863 defixum
557 804 588 863 in
605 804 778 883 cogitatione
786 810 850 865 e'sse
865 803 1012 884 sensisset,
1027 806 1123 866 statim
1136 825 1185 867 re-

112 889 239 952 cessisse
262 899 349 967 atque
363 888 395 948 in
412 908 446 948 eo
462 888 575 949 silentio
599 890 670 950 (luas
693 890 781 950 horas
804 891 865 950 lere
888 907 951 950 esse
975 901 1185 969 comsumptus.

112 975 228 1036 Deinde
244 993 311 1036 cum
336 991 441 1034 omnes
461 975 598 1034 inchoato
615 976 717 1035 iamin
733 975 984 1053 posmeridianum
1006 985 1122 1055 tempus
1139 977 1185 1038 die

111 1061 265 1121 venissent
285 1059 320 1119 ad
335 1059 489 1120 Crassum:
523 1060 600 1132 Quid
616 1069 668 1140 est,
691 1060 923 1136 Crasse,'inquit
944 1060 1044 1139 Iulida,
1066 1062 1184 1123 imusne

111 1142 252 1207 sessum?
268 1145 321 1206 etsi
338 1144 522 1205 admonitum
539 1145 675 1206 venimus
691 1154 728 1216 te,
745 1163 805 1206 non
820 1145 987 1226 flagitatum.
1011 1146 1087 1206 Tum
1099 1147 1185 1208 Cras·
1203 1163 1240 1213 18.

112 1249 184 1292 sus:
205 1231 251 1291 An
268 1247 315 1290 me
322 1239 380 1290 tam
396 1230 599 1308 impudentem
615 1250 680 1292 esse
693 1231 872 1309 existimatis,
889 1229 1012 1292 utvohis
1028 1232 1085 1292 hoe
1100 1251 1186 1311 pree-

112 1317 216 1378 sertim
235 1323 453 1393 munusputem
464 1334 513 1378 nae
524 1315 633 1378 diutius
668 1313 873 1378 ossedebere?
888 1317 1014 1390 Quinam
1025 1317 1121 1395 igitur,
1137 1319 1186 1379 in-

114 1402 182 1482 quit
192 1401 249 1480 ille,
260 1401 619 1474 locus‚aninmediasilva
628 1335 744 1480 placet?
760 1412 802 1462 est
813 1403 892 1462 euim
903 1403 928 1462 is
936 1401 1062 1462 inanime
1078 1413 1106 1464 et
1114 1422 1186 1482 opa-

113 1506 168 1547 cus
183 1496 213 1547 et
228 1486 363 1565 frigidus.
388 1486 472 1560 Saue,
488 1485 731 1564 inquitCrassus3
747 1488 855 1546 etenim
873 1499 916 1548 est
929 1488 960 1546 in
975 1506 1010 1548 eo
1020 1488 1086 1548 loco
1102 1489 1187 1550 sedes

113 1573 185 1634 huic
203 1583 305 1632 nostro
322 1589 384 1630 non
398 1571 567 1650 importuna
582 1573 722 1633 sermoni.
767 1572 841 1633 Cum
859 1573 1016 1650 placuisset
1035 1573 1115 1634 idem
1138 1593 1186 1634 oe·

113 1659 194 1730 berle,
217 1658 249 1717 in
265 1657 369 1718 silvam
385 1658 501 1725 venitur
517 1666 545 1717 et
559 1657 599 1718 ibi
614 1676 719 1736 magna
734 1675 802 1717 cum
818 1658 956 1718 audiendi
973 1661 1187 1736 exspectatione

114 1743 290 1804 considitur.

112 1861 325 1870 ..-.------0-——-

113 1927 157 1962 sns
175 1910 218 1972 ist,
244 1909 269 1958 in
288 1908 334 1958 den
356 1907 527 1974 platonisehen
546 1907 705 1975 Gespriichen
729 1910 783 1960 sich
806 1925 835 1958 zu
856 1911 976 1959 sunmeln
996 1914 1079 1976 pllegt.
1116 1913 1187 1964 Auch

112 1981 127 2043 ξ
148 1983 180 2032 15
200 1980 302 2028 deutcte
321 1979 396 2027 sehon
416 1976 461 2027 aul
476 1978 515 2028 die
533 1978 712 2043 Nuchahmnng
731 1975 826 2029 Pluto's
844 1975 895 2028 hin.

201 2051 266 2108 alite,
286 2047 386 2108 andere,
406 2047 467 2096 uber
487 2047 556 2096 nieht
575 2049 626 2097 alle
645 2049 762 2111 anderen,
783 2063 835 2096 was
855 2050 938 2098 cetaria
955 2047 1030 2097 hiesu.

204 2120 329 2168 exedram:
347 2117 419 2165 einen
437 2115 657 2180 halbkreislb'rmig
670 2132 715 2166 ans
738 2118 783 2167 der
792 2116 953 2166 Sdulcnhulle
965 2117 1188 2183 hervorspringen·

113 2187 161 2236 den
182 2186 232 2235 und
251 2184 296 2234 mit
316 2182 400 2234 Sitzen
419 2186 571 2235 versehenen
588 2185 675 2247 Reum,
693 2184 881 2252 Disputirhelle.
903 2183 958 2248 Vgl.
977 2185 1069 2238 Vitrnv
1089 2186 1119 2240 V.
1141 2190 1186 2239 ll:

114 2259 300 2307 Constituantur
317 2257 344 2304 e'n
363 2257 441 2304 trabae
456 2257 589 2315 porticibus
606 2259 705 2305 eeedaae
722 2257 838 2318 spatiosae
849 2256 959 2304 lateam
972 2258 1043 2318 aedae,
1063 2259 1186 2319 inquibus

107 2327 257 2388 pheloeopba',
276 2325 381 2373 rhetoree
398 2326 540 2386 reliquique,
558 2327 603 2388 qua'
621 2328 709 2374 studita
727 2328 879 2385 debeantur,
899 2326 979 2374 sedere
994 2327 1095 2386 puerine.

202 2395 294 2454 laetato,
314 2390 427 2440 dasselbe
445 2392 494 2442 wie
512 2391 530 2441 l.
550 2396 573 2456 l,
594 2395 640 2446 29:
658 2397 764 2453 putatae.

195 2463 405 2524 posmeridianum
420 2470 518 2522 tenpus.
539 2460 589 2510 llus
606 2461 672 2524 jetzt
690 2460 803 2511 erziihlte
817 2457 949 2526 Gespriich
960 2459 1036 2510 findet
1048 2475 1087 2509 em
1101 2459 1187 2511 Nach-

112 2531 206 2595 mittag
224 2528 354 2578 desselben
372 2527 454 2592 'loges
472 2535 543 2595 statu,
563 2546 595 2580 an
617 2531 704 2580 dassen
721 2529 866 2593 Vormitteg
887 2529 930 2579 des
950 2529 984 2578 im
1001 2531 1023 2582 2.
1034 2529 1059 2579 B.
1075 2529 1187 2580 eradhlte

113 2599 237 2665 gehelten
256 2597 358 2646 worden
378 2614 440 2646 war.

202 2672 296 2717 atnam
314 2671 421 2716 aestum?
446 2667 468 2716 d.
487 2667 511 2716 h.
538 2681 577 2715 nm
597 2665 636 2717 die
655 2667 798 2731 hegennehe
819 2664 993 2730 Unterredung
1010 2663 1186 2717 sortzusetzen.

201 2740 350 2786 admonitum
359 2763 401 2794 -,
419 2752 468 2785 nan
484 2739 630 2800 flapa'tatum,
652 2736 700 2785 wie
720 2735 770 2785 Cic.
792 2736 818 2784 iu
833 2734 887 2784 dem
898 2733 979 2784 briele
998 2750 1029 2783 un
1042 2734 1122 2785 Varro
1142 2751 1188 2785 vor

112 2806 161 2856 den
168 2804 247 2854 Acud.
256 2805 291 2863 §1
301 2823 306 2853 ε
319 2808 489 2865 amputatione
495 2808 615 2866 promunt
620 2809 658 2855 tue'
663 2807 929 2855 moeeorntadmonenm
941 2813 970 2862 te,
980 2821 1029 2853 non
1039 2813 1066 2854 ut
1069 2807 1187 2868 flaqa'tem.

203 2875 242 2925 18.
263 2890 298 2922 me
318 2888 363 2921 ror
381 2877 473 2924 diutine
485 2871 549 2923 fehlt
560 2873 586 2922 in
599 2873 645 2923 den
664 2873 809 2938 llandsehr·.‚
832 2873 898 2922 kann
913 2873 972 2922 abor
984 2872 1054 2926 nicht
1070 2874 1188 2922 entbehrt

113 2943 231 3003 werden,
251 2942 282 2990 da
301 2939 450 2992 dieserAce.
470 2957 491 2991 c.
505 2940 550 2991 lnl.
568 2942 638 2991 nieht
655 2957 704 2991 von
726 2941 805 2991 einem
817 2941 927 2991 Verbum
943 2940 1069 3004 abhingig
1086 2941 1127 3006 ist,
1147 2942 1188 2992 bei

113 3011 239 3062 walchem
258 3010 371 3060 dusselhe
388 3009 463 3061 Pron.
484 3011 561 3071 steht,
580 3011 629 3060 wie
651 3027 673 3060 z.
691 3011 718 3059 Β,
736 3016 812 3059 onteu
833 3012 875 3074 36,
896 3013 943 3062 147
961 3009 1012 3059 und
1029 3007 1047 3059 l.
1066 3013 1107 3075 22,
1126 3015 1187 3063 101:

111 3085 169 3131 dnm
191 3083 256 3130 milti
271 3084 338 3129 liceat
355 3097 442 3143 neaera
454 3084 600 3143 potaequod
615 3097 664 3130 non
674 3088 758 3140 potero
774 3090 795 3128 et
806 3081 884 3141 fateri
898 3084 990 3130 nescire
1002 3083 1069 3143 quod
1076 3083 1187 3144 ananam,

113 3165 189 3200 wenn
211 3147 281 3196 nieht
299 3155 366 3198 etwa
384 3152 465 3198 deberi
482 3164 512 3198 zn
533 3148 603 3198 lesen
619 3149 661 3212 ist,
679 3149 728 3198 wie
746 3147 819 3197 Tuse.
838 3148 901 3213 disp.
921 3147 950 3197 ll.
963 3149 1004 3210 27,
1020 3150 1065 3199 ut:
1085 3152 1130 3200 tibi
1145 3151 1188 3199 hoe

111 3223 180 3270 uideo
199 3233 250 3268 non
265 3233 335 3278 poree
348 3220 433 3268 deberi.

182 3292 256 3338 loeus.
284 3285 328 3334 uie
344 3283 427 3350 Frage
448 3285 511 3335 wird
531 3301 577 3334 vor
594 3284 664 3335 ihrer
683 3285 840 3348 Vollendnng
865 3285 943 3334 durch
968 3285 1015 3334 deu
1041 3286 1094 3335 dem
1114 3284 1188 3335 Cotta

112 3354 284 3405 einfallenden
303 3352 444 3418 Vorsohlag
461 3355 651 3410 unberbrocheo,
672 3355 784 3404 welchen
805 3369 833 3404 er
851 3355 915 3402 noch
933 3354 958 3402 in
977 3353 1017 3403 die
1030 3352 1111 3416 Fruge
1130 3353 1187 3403 hin-

111 3423 231 3486 cinzieht‚
253 3423 304 3486 vgl.
323 3439 344 3472 z.
366 3426 389 3486 9,
413 3428 459 3476 34:
478 3427 540 3487 quid
555 3427 670 3482 censuim
690 3429 766 3474 sileo:
786 3421 861 3473 Purk.

200 3497 347 3554 importuna,
372 3491 511 3555 niella,
539 3496 584 3544 20:
608 3509 666 3542 num
694 3497 858 3555 importunum
882 3503 975 3553 tempus
997 3494 1024 3540 in
1048 3499 1113 3542 tanto
1142 3494 1189 3540 ota'o

111 3563 236 3626 (uidetur),
253 3565 319 3624 quod
338 3570 360 3610 et
379 3579 436 3612 raro
457 3564 531 3611 datur
550 3565 611 3612 eet?

200 3636 311 3682 venitur:
330 3645 384 3678 man
400 3629 485 3693 hegiht
503 3630 556 3679 sloh
569 3629 736 3694 inegesummt.
755 3628 788 3678 So
802 3627 868 3677 wird
885 3629 954 3678 nicht
966 3626 1055 3688 seiten,
1075 3634 1187 3677 nement-

8 3734 14 3746 ,
109 3699 162 3749 lich
183 3715 232 3748 von
254 3699 300 3749 den
320 3697 484 3758 Historilrern,
504 3699 547 3748 das
570 3697 639 3754 Pess,
659 3715 707 3748 von
725 3697 906 3748 intransitivae
925 3696 1022 3747 Verhen
1037 3695 1185 3758 gebraucht,

109 3785 151 3820 um
170 3768 210 3818 die
230 3767 416 3817 nnsnaurnstose
435 3767 610 3831 Betheilignng
624 3783 656 3817 an
674 3767 745 3816 einer
762 3766 894 3830 llundlung
913 3782 944 3814 zu
963 3764 1114 3815 bezeichnen
1135 3765 1185 3815 und

110 3839 158 3888 den
178 3837 315 3888 Gednulren
331 3852 363 3884 nn
380 3835 420 3886 die
433 3836 561 3886 einzelnen
578 3835 724 3886 Individuen
738 3835 807 3884 nicht
820 3841 872 3884 erst
882 3832 1038 3883 anlkommeu
1049 3849 1080 3884 zu
1091 3834 1186 3886 lassen.

110 3906 168 3958 Mon
189 3904 333 3969 rergleiehe
352 3905 396 3954 das
416 3904 575 3955 Livianische
594 3909 620 3954 in
638 3923 707 3954 arma
726 3908 861 3955 dieeureum
879 3913 912 3955 eat
928 3919 952 3954 u.
973 3903 999 3954 ti.

198 3978 382 4036 exspectatione:
399 3973 444 4022 mit
461 3973 714 4038 erwartungsvollem
736 3972 889 4036 Verlangen.

983 4059 1018 4109 2*
