<?xml version="1.0" encoding="UTF-8"?>
<!DOCTYPE html PUBLIC "-//W3C//DTD XHTML 1.0 Transitional//EN"
    "http://www.w3.org/TR/xhtml1/DTD/xhtml1-transitional.dtd">
<html xmlns="http://www.w3.org/1999/xhtml" xml:lang="en" lang="en">
 <head>
  <title>
</title>
<meta http-equiv="Content-Type" content="text/html;charset=utf-8" />
  <meta name='ocr-system' content='tesseract 3.04.00' />
  <meta name='ocr-capabilities' content='ocr_page ocr_carea ocr_par ocr_line ocrx_word'/>
</head>
<body>
  <div class='ocr_page' id='page_1' title='image "./mtulliiciceroni79cicegoog/mtulliiciceroni79cicegoog_0234.png"; bbox 0 0 2814 4526; ppageno 0'>
   <div class='ocr_carea' id='block_1_1' title="bbox 301 295 1162 364">
    <p class='ocr_par' dir='ltr' id='par_1_1' title="bbox 301 295 1162 364">
     <span class='ocr_line' id='line_1_1' title="bbox 301 295 1162 364; baseline 0.003 -18"><span class='ocrx_word' id='word_1_1' title='bbox 301 295 343 346; x_wconf 91' lang='lat' dir='ltr'><strong>nn</strong></span> <span class='ocrx_word' id='word_1_2' title='bbox 364 295 526 361; x_wconf 77' lang='lat' dir='ltr'><strong>onaronn</strong></span> <span class='ocrx_word' id='word_1_3' title='bbox 547 297 592 349; x_wconf 87' lang='lat' dir='ltr'><strong>m.</strong></span> <span class='ocrx_word' id='word_1_4' title='bbox 608 295 639 348; x_wconf 95' lang='grc' dir='ltr'><strong>ιι.</strong></span> <span class='ocrx_word' id='word_1_5' title='bbox 658 313 711 364; x_wconf 68' lang='lat' dir='ltr'><strong>cap.</strong></span> <span class='ocrx_word' id='word_1_6' title='bbox 730 300 796 350; x_wconf 76' lang='lat' dir='ltr'><strong>aa.</strong></span> <span class='ocrx_word' id='word_1_7' title='bbox 819 295 835 362; x_wconf 75' lang='lat' dir='ltr'><strong>s</strong></span> <span class='ocrx_word' id='word_1_8' title='bbox 854 297 946 349; x_wconf 78' lang='lat'><strong>9-11.</strong></span> <span class='ocrx_word' id='word_1_9' title='bbox 1122 298 1162 362; x_wconf 82' lang='lat'><strong>15</strong></span> 
     </span>
    </p>
   </div>
   <div class='ocr_carea' id='block_1_2' title="bbox 89 452 1272 1982">
    <p class='ocr_par' dir='ltr' id='par_1_2' title="bbox 89 452 1272 1982">
     <span class='ocr_line' id='line_1_2' title="bbox 91 452 1162 535; baseline 0 -20"><span class='ocrx_word' id='word_1_10' title='bbox 91 473 176 534; x_wconf 79' lang='lat' dir='ltr'><strong>gere,</strong></span> <span class='ocrx_word' id='word_1_11' title='bbox 202 453 226 514; x_wconf 92' lang='lat' dir='ltr'><strong>si</strong></span> <span class='ocrx_word' id='word_1_12' title='bbox 250 453 320 532; x_wconf 89' lang='lat' dir='ltr'><strong>quid</strong></span> <span class='ocrx_word' id='word_1_13' title='bbox 342 453 444 525; x_wconf 87' lang='lat' dir='ltr'><strong>velim,</strong></span> <span class='ocrx_word' id='word_1_14' title='bbox 474 452 582 513; x_wconf 91' lang='lat' dir='ltr'><strong>nullius</strong></span> <span class='ocrx_word' id='word_1_15' title='bbox 604 455 746 517; x_wconf 85' lang='lat' dir='ltr'><strong>memoria</strong></span> <span class='ocrx_word' id='word_1_16' title='bbox 767 452 825 512; x_wconf 91' lang='lat' dir='ltr'><strong>iam</strong></span> <span class='ocrx_word' id='word_1_17' title='bbox 847 472 895 513; x_wconf 93' lang='lat' dir='ltr'><strong>me</strong></span> <span class='ocrx_word' id='word_1_18' title='bbox 915 454 1081 535; x_wconf 77' lang='lat' dir='ltr'><strong>refellente,</strong></span> <span class='ocrx_word' id='word_1_19' title='bbox 1111 456 1162 515; x_wconf 92' lang='lat' dir='ltr'><strong>sed</strong></span> 
     </span>
     <span class='ocr_line' id='line_1_3' title="bbox 91 537 1162 618; baseline 0 -18"><span class='ocrx_word' id='word_1_20' title='bbox 91 541 147 600; x_wconf 89' lang='lat' dir='ltr'><strong>edo</strong></span> <span class='ocrx_word' id='word_1_21' title='bbox 180 540 253 599; x_wconf 90' lang='lat' dir='ltr'><strong>haec</strong></span> <span class='ocrx_word' id='word_1_22' title='bbox 273 537 309 598; x_wconf 90' lang='lat' dir='ltr'><strong>iis</strong></span> <span class='ocrx_word' id='word_1_23' title='bbox 332 538 551 617; x_wconf 83' lang='lat' dir='ltr'><strong>cognoscenda,</strong></span> <span class='ocrx_word' id='word_1_24' title='bbox 585 539 634 617; x_wconf 86' lang='lat' dir='ltr'><strong>qui</strong></span> <span class='ocrx_word' id='word_1_25' title='bbox 657 557 707 598; x_wconf 89' lang='lat' dir='ltr'><strong>eos</strong></span> <span class='ocrx_word' id='word_1_26' title='bbox 729 539 825 616; x_wconf 91' lang='lat' dir='ltr'><strong>ipsos,</strong></span> <span class='ocrx_word' id='word_1_27' title='bbox 859 538 894 600; x_wconf 89' lang='lat' dir='ltr'><strong>de</strong></span> <span class='ocrx_word' id='word_1_28' title='bbox 917 539 1025 616; x_wconf 90' lang='lat' dir='ltr'><strong>quibus</strong></span> <span class='ocrx_word' id='word_1_29' title='bbox 1045 539 1162 618; x_wconf 91' lang='lat' dir='ltr'><strong>loquor,</strong></span> 
     </span>
     <span class='ocr_line' id='line_1_4' title="bbox 91 623 1161 703; baseline 0 -17"><span class='ocrx_word' id='word_1_30' title='bbox 91 643 180 703; x_wconf 82' lang='lat' dir='ltr'><strong>saepe</strong></span> <span class='ocrx_word' id='word_1_31' title='bbox 210 623 381 696; x_wconf 84' lang='lat' dir='ltr'><strong>audierunt3</strong></span> <span class='ocrx_word' id='word_1_32' title='bbox 418 632 451 682; x_wconf 91' lang='lat' dir='ltr'><strong>ut</strong></span> <span class='ocrx_word' id='word_1_33' title='bbox 480 623 555 684; x_wconf 79' lang='lat' dir='ltr'><strong>diros</strong></span> <span class='ocrx_word' id='word_1_34' title='bbox 584 641 718 683; x_wconf 87' lang='lat' dir='ltr'><strong>summos</strong></span> <span class='ocrx_word' id='word_1_35' title='bbox 748 623 828 684; x_wconf 88' lang='lat' dir='ltr'><strong>viros</strong></span> <span class='ocrx_word' id='word_1_36' title='bbox 856 623 908 696; x_wconf 90' lang='lat' dir='ltr'><strong>iis,</strong></span> <span class='ocrx_word' id='word_1_37' title='bbox 943 623 993 703; x_wconf 89' lang='lat' dir='ltr'><strong>qui</strong></span> <span class='ocrx_word' id='word_1_38' title='bbox 1021 635 1161 686; x_wconf 89' lang='lat' dir='ltr'><strong>neutrum</strong></span> 
     </span>
     <span class='ocr_line' id='line_1_5' title="bbox 89 707 1162 789; baseline -0.001 -18"><span class='ocrx_word' id='word_1_39' title='bbox 89 711 211 771; x_wconf 91' lang='lat' dir='ltr'><strong>illorum</strong></span> <span class='ocrx_word' id='word_1_40' title='bbox 234 709 368 780; x_wconf 84' lang='lat' dir='ltr'><strong>viderint,</strong></span> <span class='ocrx_word' id='word_1_41' title='bbox 392 726 506 780; x_wconf 90' lang='lat' dir='ltr'><strong>eorum,</strong></span> <span class='ocrx_word' id='word_1_42' title='bbox 529 708 637 786; x_wconf 87' lang='lat' dir='ltr'><strong>quibus</strong></span> <span class='ocrx_word' id='word_1_43' title='bbox 657 707 744 768; x_wconf 86' lang='lat' dir='ltr'><strong>ambo</strong></span> <span class='ocrx_word' id='word_1_44' title='bbox 764 709 804 769; x_wconf 92' lang='lat' dir='ltr'><strong>illi</strong></span> <span class='ocrx_word' id='word_1_45' title='bbox 825 720 955 770; x_wconf 88' lang='lat' dir='ltr'><strong>oratores</strong></span> <span class='ocrx_word' id='word_1_46' title='bbox 971 710 1080 789; x_wconf 79' lang='lat' dir='ltr'>cogniti</span> <span class='ocrx_word' id='word_1_47' title='bbox 1095 711 1162 783; x_wconf 84' lang='lat' dir='ltr'><strong>sint,</strong></span> 
     </span>
     <span class='ocr_line' id='line_1_6' title="bbox 92 789 1272 872; baseline -0.005 -16"><span class='ocrx_word' id='word_1_48' title='bbox 92 797 232 857; x_wconf 85' lang='lat' dir='ltr'><strong>vivorum</strong></span> <span class='ocrx_word' id='word_1_49' title='bbox 260 802 288 854; x_wconf 88' lang='lat' dir='ltr'><strong>et</strong></span> <span class='ocrx_word' id='word_1_50' title='bbox 315 793 513 872; x_wconf 87' lang='lat' dir='ltr'><strong>praesentium</strong></span> <span class='ocrx_word' id='word_1_51' title='bbox 539 794 681 854; x_wconf 80' lang='lat' dir='ltr'><strong>memoria</strong></span> <span class='ocrx_word' id='word_1_52' title='bbox 708 801 779 854; x_wconf 89' lang='lat' dir='ltr'><strong>teste</strong></span> <span class='ocrx_word' id='word_1_53' title='bbox 805 795 1056 858; x_wconf 85' lang='lat' dir='ltr'><strong>commendemus.</strong></span> <span class='ocrx_word' id='word_1_54' title='bbox 1102 789 1205 856; x_wconf 74' lang='lat' dir='ltr'><strong>Nece.</strong></span> <span class='ocrx_word' id='word_1_55' title='bbox 1229 797 1272 846; x_wconf 78' lang='lat' dir='ltr'><strong>tt.</strong></span> 
     </span>
     <span class='ocr_line' id='line_1_7' title="bbox 93 878 1162 958; baseline 0.003 -20"><span class='ocrx_word' id='word_1_56' title='bbox 93 899 164 942; x_wconf 82' lang='lat' dir='ltr'><strong>vero</strong></span> <span class='ocrx_word' id='word_1_57' title='bbox 187 889 224 950; x_wconf 85' lang='lat' dir='ltr'><strong>te,</strong></span> <span class='ocrx_word' id='word_1_58' title='bbox 248 879 397 940; x_wconf 79' lang='lat' dir='ltr'><strong>carissime</strong></span> <span class='ocrx_word' id='word_1_59' title='bbox 419 880 509 940; x_wconf 84' lang='lat' dir='ltr'><strong>trater</strong></span> <span class='ocrx_word' id='word_1_60' title='bbox 530 887 617 956; x_wconf 88' lang='lat' dir='ltr'><strong>atque</strong></span> <span class='ocrx_word' id='word_1_61' title='bbox 637 878 754 957; x_wconf 89' lang='lat' dir='ltr'><strong>optime,</strong></span> <span class='ocrx_word' id='word_1_62' title='bbox 773 879 925 940; x_wconf 89' lang='lat' dir='ltr'><strong>rhetoricis</strong></span> <span class='ocrx_word' id='word_1_63' title='bbox 941 898 1021 940; x_wconf 89' lang='lat' dir='ltr'><strong>nnnc</strong></span> <span class='ocrx_word' id='word_1_64' title='bbox 1033 881 1162 958; x_wconf 82' lang='lat' dir='ltr'><strong>quibus-</strong></span> 
     </span>
     <span class='ocr_line' id='line_1_8' title="bbox 92 964 1163 1044; baseline -0.001 -18"><span class='ocrx_word' id='word_1_65' title='bbox 92 967 162 1026; x_wconf 90' lang='lat' dir='ltr'><strong>dam</strong></span> <span class='ocrx_word' id='word_1_66' title='bbox 191 964 289 1037; x_wconf 89' lang='lat' dir='ltr'><strong>libris,</strong></span> <span class='ocrx_word' id='word_1_67' title='bbox 319 983 394 1042; x_wconf 90' lang='lat' dir='ltr'><strong>quos</strong></span> <span class='ocrx_word' id='word_1_68' title='bbox 417 971 448 1023; x_wconf 93' lang='lat' dir='ltr'><strong>tu</strong></span> <span class='ocrx_word' id='word_1_69' title='bbox 477 964 598 1042; x_wconf 83' lang='lat' dir='ltr'><strong>agrestis</strong></span> <span class='ocrx_word' id='word_1_70' title='bbox 620 973 718 1044; x_wconf 81' lang='lat' dir='ltr'><strong>putee,</strong></span> <span class='ocrx_word' id='word_1_71' title='bbox 749 965 892 1042; x_wconf 90' lang='lat' dir='ltr'><strong>insequor</strong></span> <span class='ocrx_word' id='word_1_72' title='bbox 913 973 946 1026; x_wconf 93' lang='lat' dir='ltr'><strong>ut</strong></span> <span class='ocrx_word' id='word_1_73' title='bbox 968 965 1098 1026; x_wconf 86' lang='lat' dir='ltr'><strong>erudiam</strong></span> <span class='ocrx_word' id='word_1_74' title='bbox 1122 1001 1163 1008; x_wconf 95' lang='lat'>-</span> 
     </span>
     <span class='ocr_line' id='line_1_9' title="bbox 93 1047 1164 1130; baseline -0.001 -19"><span class='ocrx_word' id='word_1_75' title='bbox 93 1051 166 1130; x_wconf 87' lang='lat' dir='ltr'><strong>quid</strong></span> <span class='ocrx_word' id='word_1_76' title='bbox 190 1050 271 1110; x_wconf 92' lang='lat' dir='ltr'><strong>enim</strong></span> <span class='ocrx_word' id='word_1_77' title='bbox 293 1058 341 1110; x_wconf 89' lang='lat' dir='ltr'><strong>tua</strong></span> <span class='ocrx_word' id='word_1_78' title='bbox 364 1056 460 1127; x_wconf 87' lang='lat' dir='ltr'><strong>potest</strong></span> <span class='ocrx_word' id='word_1_79' title='bbox 481 1049 612 1110; x_wconf 88' lang='lat' dir='ltr'><strong>oratione</strong></span> <span class='ocrx_word' id='word_1_80' title='bbox 634 1059 684 1110; x_wconf 89' lang='lat' dir='ltr'><strong>aut</strong></span> <span class='ocrx_word' id='word_1_81' title='bbox 706 1049 839 1111; x_wconf 87' lang='lat' dir='ltr'><strong>subtilius</strong></span> <span class='ocrx_word' id='word_1_82' title='bbox 861 1057 911 1110; x_wconf 91' lang='lat' dir='ltr'><strong>aut</strong></span> <span class='ocrx_word' id='word_1_83' title='bbox 933 1051 1064 1112; x_wconf 89' lang='lat' dir='ltr'><strong>ornatius</strong></span> <span class='ocrx_word' id='word_1_84' title='bbox 1079 1047 1164 1112; x_wconf 77' lang='lat' dir='ltr'><strong>esse?</strong></span> 
     </span>
     <span class='ocr_line' id='line_1_10' title="bbox 160 1134 1163 1216; baseline 0 -20"><span class='ocrx_word' id='word_1_85' title='bbox 160 1136 212 1196; x_wconf 87' lang='lat' dir='ltr'><strong>sod</strong></span> <span class='ocrx_word' id='word_1_86' title='bbox 235 1135 296 1195; x_wconf 90' lang='lat' dir='ltr'><strong>sive</strong></span> <span class='ocrx_word' id='word_1_87' title='bbox 323 1134 447 1206; x_wconf 91' lang='lat' dir='ltr'><strong>iudicio,</strong></span> <span class='ocrx_word' id='word_1_88' title='bbox 479 1141 512 1194; x_wconf 90' lang='lat' dir='ltr'><strong>ut</strong></span> <span class='ocrx_word' id='word_1_89' title='bbox 534 1135 611 1194; x_wconf 91' lang='lat' dir='ltr'><strong>soles</strong></span> <span class='ocrx_word' id='word_1_90' title='bbox 633 1135 743 1216; x_wconf 82' lang='lat' dir='ltr'><strong>dicere,</strong></span> <span class='ocrx_word' id='word_1_91' title='bbox 771 1135 846 1208; x_wconf 82' lang='lat' dir='ltr'><strong>sive,</strong></span> <span class='ocrx_word' id='word_1_92' title='bbox 877 1145 910 1196; x_wconf 93' lang='lat' dir='ltr'><strong>ut</strong></span> <span class='ocrx_word' id='word_1_93' title='bbox 931 1135 977 1196; x_wconf 93' lang='lat' dir='ltr'><strong>ille</strong></span> <span class='ocrx_word' id='word_1_94' title='bbox 997 1145 1078 1214; x_wconf 87' lang='lat' dir='ltr'><strong>pater</strong></span> <span class='ocrx_word' id='word_1_95' title='bbox 1100 1137 1163 1196; x_wconf 89' lang='lat' dir='ltr'><strong>elo-</strong></span> 
     </span>
     <span class='ocr_line' id='line_1_11' title="bbox 93 1220 1165 1301; baseline 0.002 -21"><span class='ocrx_word' id='word_1_96' title='bbox 93 1222 231 1299; x_wconf 87' lang='lat' dir='ltr'><strong>quentiae</strong></span> <span class='ocrx_word' id='word_1_97' title='bbox 262 1220 298 1280; x_wconf 93' lang='lat' dir='ltr'><strong>de</strong></span> <span class='ocrx_word' id='word_1_98' title='bbox 325 1238 356 1280; x_wconf 90' lang='lat' dir='ltr'><strong>se</strong></span> <span class='ocrx_word' id='word_1_99' title='bbox 385 1220 526 1279; x_wconf 88' lang='lat' dir='ltr'><strong>Isocrates</strong></span> <span class='ocrx_word' id='word_1_100' title='bbox 557 1220 673 1300; x_wconf 89' lang='lat' dir='ltr'><strong>scripsit</strong></span> <span class='ocrx_word' id='word_1_101' title='bbox 700 1221 777 1298; x_wconf 91' lang='lat' dir='ltr'><strong>ipse,</strong></span> <span class='ocrx_word' id='word_1_102' title='bbox 809 1221 925 1301; x_wconf 87' lang='lat' dir='ltr'><strong>pudore</strong></span> <span class='ocrx_word' id='word_1_103' title='bbox 945 1241 962 1282; x_wconf 90' lang='lat' dir='ltr'><strong>a</strong></span> <span class='ocrx_word' id='word_1_104' title='bbox 984 1221 1107 1282; x_wconf 89' lang='lat' dir='ltr'><strong>dicendo</strong></span> <span class='ocrx_word' id='word_1_105' title='bbox 1136 1230 1165 1282; x_wconf 86' lang='lat' dir='ltr'><strong>et</strong></span> 
     </span>
     <span class='ocr_line' id='line_1_12' title="bbox 92 1305 1216 1385; baseline 0 -19"><span class='ocrx_word' id='word_1_106' title='bbox 92 1307 246 1366; x_wconf 75' lang='lat' dir='ltr'><strong>timiditate</strong></span> <span class='ocrx_word' id='word_1_107' title='bbox 268 1305 396 1383; x_wconf 88' lang='lat' dir='ltr'><strong>ingenua</strong></span> <span class='ocrx_word' id='word_1_108' title='bbox 419 1305 544 1384; x_wconf 89' lang='lat' dir='ltr'><strong>quadam</strong></span> <span class='ocrx_word' id='word_1_109' title='bbox 570 1305 710 1384; x_wconf 83' lang='lat' dir='ltr'><strong>refugisti,</strong></span> <span class='ocrx_word' id='word_1_110' title='bbox 737 1306 807 1382; x_wconf 88' lang='lat' dir='ltr'><strong>sive,</strong></span> <span class='ocrx_word' id='word_1_111' title='bbox 831 1313 864 1367; x_wconf 91' lang='lat' dir='ltr'><strong>ut</strong></span> <span class='ocrx_word' id='word_1_112' title='bbox 882 1307 945 1385; x_wconf 90' lang='lat' dir='ltr'><strong>ipse</strong></span> <span class='ocrx_word' id='word_1_113' title='bbox 966 1307 1056 1367; x_wconf 90' lang='lat' dir='ltr'><strong>iocari</strong></span> <span class='ocrx_word' id='word_1_114' title='bbox 1078 1307 1170 1379; x_wconf 76' lang='lat' dir='ltr'><strong>soles,</strong></span> <span class='ocrx_word' id='word_1_115' title='bbox 1211 1366 1216 1376; x_wconf 76' lang='grc'><strong>,</strong></span> 
     </span>
     <span class='ocr_line' id='line_1_13' title="bbox 92 1389 1164 1469; baseline -0.001 -17"><span class='ocrx_word' id='word_1_116' title='bbox 92 1409 189 1452; x_wconf 83' lang='grc' dir='ltr'><strong>ιιιιιιιιι</strong></span> <span class='ocrx_word' id='word_1_117' title='bbox 220 1391 328 1469; x_wconf 89' lang='lat' dir='ltr'><strong>putasti</strong></span> <span class='ocrx_word' id='word_1_118' title='bbox 357 1389 425 1450; x_wconf 89' lang='lat' dir='ltr'><strong>satis</strong></span> <span class='ocrx_word' id='word_1_119' title='bbox 455 1408 519 1450; x_wconf 89' lang='lat' dir='ltr'><strong>esse</strong></span> <span class='ocrx_word' id='word_1_120' title='bbox 545 1408 607 1449; x_wconf 93' lang='lat' dir='ltr'><strong>non</strong></span> <span class='ocrx_word' id='word_1_121' title='bbox 636 1392 725 1452; x_wconf 91' lang='lat' dir='ltr'><strong>modo</strong></span> <span class='ocrx_word' id='word_1_122' title='bbox 744 1391 776 1452; x_wconf 93' lang='lat' dir='ltr'><strong>in</strong></span> <span class='ocrx_word' id='word_1_123' title='bbox 798 1409 858 1451; x_wconf 90' lang='lat' dir='ltr'><strong>una</strong></span> <span class='ocrx_word' id='word_1_124' title='bbox 878 1391 985 1452; x_wconf 86' lang='lat' dir='ltr'><strong>familia</strong></span> <span class='ocrx_word' id='word_1_125' title='bbox 1006 1393 1164 1464; x_wconf 85' lang='lat' dir='ltr'><strong>rhetorem,</strong></span> 
     </span>
     <span class='ocr_line' id='line_1_14' title="bbox 92 1475 1164 1555; baseline -0.001 -18"><span class='ocrx_word' id='word_1_126' title='bbox 92 1477 144 1537; x_wconf 90' lang='lat' dir='ltr'><strong>sed</strong></span> <span class='ocrx_word' id='word_1_127' title='bbox 168 1494 263 1555; x_wconf 87' lang='lat' dir='ltr'><strong>paene</strong></span> <span class='ocrx_word' id='word_1_128' title='bbox 284 1475 316 1535; x_wconf 93' lang='lat' dir='ltr'><strong>in</strong></span> <span class='ocrx_word' id='word_1_129' title='bbox 337 1482 396 1536; x_wconf 87' lang='lat' dir='ltr'><strong>tota</strong></span> <span class='ocrx_word' id='word_1_130' title='bbox 419 1475 548 1551; x_wconf 88' lang='lat' dir='ltr'><strong>civitate,</strong></span> <span class='ocrx_word' id='word_1_131' title='bbox 572 1493 633 1535; x_wconf 94' lang='lat' dir='ltr'><strong>non</strong></span> <span class='ocrx_word' id='word_1_132' title='bbox 655 1483 754 1537; x_wconf 92' lang='lat' dir='ltr'><strong>tamen</strong></span> <span class='ocrx_word' id='word_1_133' title='bbox 776 1476 902 1537; x_wconf 86' lang='lat' dir='ltr'><strong>arbitror</strong></span> <span class='ocrx_word' id='word_1_134' title='bbox 923 1477 974 1538; x_wconf 92' lang='lat' dir='ltr'><strong>tibi</strong></span> <span class='ocrx_word' id='word_1_135' title='bbox 997 1478 1052 1537; x_wconf 92' lang='lat' dir='ltr'><strong>hos</strong></span> <span class='ocrx_word' id='word_1_136' title='bbox 1073 1476 1164 1537; x_wconf 87' lang='lat' dir='ltr'><strong>libros</strong></span> 
     </span>
     <span class='ocr_line' id='line_1_15' title="bbox 91 1561 1165 1641; baseline 0.001 -20"><span class='ocrx_word' id='word_1_137' title='bbox 91 1564 182 1622; x_wconf 79' lang='lat' dir='ltr'><strong>ineo</strong></span> <span class='ocrx_word' id='word_1_138' title='bbox 204 1563 269 1621; x_wconf 84' lang='lat' dir='ltr'><strong>lore</strong></span> <span class='ocrx_word' id='word_1_139' title='bbox 291 1579 406 1639; x_wconf 86' lang='lat' dir='ltr'><strong>genere,</strong></span> <span class='ocrx_word' id='word_1_140' title='bbox 429 1561 509 1637; x_wconf 90' lang='lat' dir='ltr'><strong>quod</strong></span> <span class='ocrx_word' id='word_1_141' title='bbox 533 1561 636 1620; x_wconf 86' lang='lat' dir='ltr'><strong>merito</strong></span> <span class='ocrx_word' id='word_1_142' title='bbox 658 1568 779 1641; x_wconf 89' lang='lat' dir='ltr'><strong>propter</strong></span> <span class='ocrx_word' id='word_1_143' title='bbox 794 1580 907 1634; x_wconf 87' lang='lat' dir='ltr'><strong>eorum,</strong></span> <span class='ocrx_word' id='word_1_144' title='bbox 931 1563 981 1640; x_wconf 89' lang='lat' dir='ltr'><strong>qui</strong></span> <span class='ocrx_word' id='word_1_145' title='bbox 997 1564 1033 1623; x_wconf 91' lang='lat' dir='ltr'><strong>de</strong></span> <span class='ocrx_word' id='word_1_146' title='bbox 1049 1562 1165 1622; x_wconf 91' lang='lat' dir='ltr'><strong>dicendi</strong></span> 
     </span>
     <span class='ocr_line' id='line_1_16' title="bbox 92 1643 1162 1724; baseline 0.002 -17"><span class='ocrx_word' id='word_1_147' title='bbox 92 1648 209 1707; x_wconf 85' lang='lat' dir='ltr'><strong>ratione</strong></span> <span class='ocrx_word' id='word_1_148' title='bbox 235 1646 435 1724; x_wconf 88' lang='lat' dir='ltr'><strong>disputarunt,</strong></span> <span class='ocrx_word' id='word_1_149' title='bbox 465 1643 644 1706; x_wconf 86' lang='lat' dir='ltr'><strong>ieiunitatem</strong></span> <span class='ocrx_word' id='word_1_150' title='bbox 665 1646 812 1706; x_wconf 88' lang='lat' dir='ltr'><strong>honarum</strong></span> <span class='ocrx_word' id='word_1_151' title='bbox 834 1647 939 1708; x_wconf 87' lang='lat' dir='ltr'><strong>artium</strong></span> <span class='ocrx_word' id='word_1_152' title='bbox 958 1648 1051 1724; x_wconf 91' lang='lat' dir='ltr'><strong>possit</strong></span> <span class='ocrx_word' id='word_1_153' title='bbox 1070 1647 1162 1709; x_wconf 93' lang='lat' dir='ltr'><strong>illudi.</strong></span> 
     </span>
     <span class='ocr_line' id='line_1_17' title="bbox 92 1731 1223 1809; baseline 0 -17"><span class='ocrx_word' id='word_1_154' title='bbox 92 1733 171 1792; x_wconf 87' lang='lat' dir='ltr'><strong>Nihil</strong></span> <span class='ocrx_word' id='word_1_155' title='bbox 191 1731 272 1792; x_wconf 88' lang='lat' dir='ltr'><strong>enim</strong></span> <span class='ocrx_word' id='word_1_156' title='bbox 293 1731 363 1790; x_wconf 95' lang='lat' dir='ltr'><strong>mihi</strong></span> <span class='ocrx_word' id='word_1_157' title='bbox 387 1731 506 1809; x_wconf 88' lang='lat' dir='ltr'><strong>quidem</strong></span> <span class='ocrx_word' id='word_1_158' title='bbox 528 1731 644 1792; x_wconf 88' lang='lat' dir='ltr'><strong>videtur</strong></span> <span class='ocrx_word' id='word_1_159' title='bbox 664 1732 696 1792; x_wconf 93' lang='lat' dir='ltr'><strong>in</strong></span> <span class='ocrx_word' id='word_1_160' title='bbox 718 1731 813 1792; x_wconf 86' lang='lat' dir='ltr'><strong>Crassi</strong></span> <span class='ocrx_word' id='word_1_161' title='bbox 835 1741 864 1792; x_wconf 91' lang='lat' dir='ltr'><strong>et</strong></span> <span class='ocrx_word' id='word_1_162' title='bbox 885 1731 1004 1792; x_wconf 82' lang='lat' dir='ltr'><strong>Antonii</strong></span> <span class='ocrx_word' id='word_1_163' title='bbox 1026 1749 1164 1794; x_wconf 87' lang='lat' dir='ltr'><strong>sermone</strong></span> <span class='ocrx_word' id='word_1_164' title='bbox 1179 1731 1223 1782; x_wconf 74' lang='lat' dir='ltr'><strong>ll·</strong></span> 
     </span>
     <span class='ocr_line' id='line_1_18' title="bbox 93 1815 1163 1896; baseline 0 -18"><span class='ocrx_word' id='word_1_165' title='bbox 93 1837 158 1881; x_wconf 87' lang='lat' dir='ltr'><strong>esse</strong></span> <span class='ocrx_word' id='word_1_166' title='bbox 181 1815 390 1896; x_wconf 87' lang='lat' dir='ltr'><strong>praeteritum,</strong></span> <span class='ocrx_word' id='word_1_167' title='bbox 421 1817 500 1894; x_wconf 91' lang='lat' dir='ltr'><strong>quod</strong></span> <span class='ocrx_word' id='word_1_168' title='bbox 525 1816 680 1895; x_wconf 88' lang='lat' dir='ltr'><strong>quisquam</strong></span> <span class='ocrx_word' id='word_1_169' title='bbox 704 1817 827 1877; x_wconf 91' lang='lat' dir='ltr'><strong>summis</strong></span> <span class='ocrx_word' id='word_1_170' title='bbox 849 1817 989 1894; x_wconf 83' lang='lat' dir='ltr'><strong>ingeniis,</strong></span> <span class='ocrx_word' id='word_1_171' title='bbox 1013 1819 1163 1878; x_wconf 91' lang='lat' dir='ltr'><strong>acerrimis</strong></span> 
     </span>
     <span class='ocr_line' id='line_1_19' title="bbox 92 1901 1163 1982; baseline -0.001 -19"><span class='ocrx_word' id='word_1_172' title='bbox 92 1903 209 1974; x_wconf 70' lang='lat' dir='ltr'><strong>studiis</strong></span> <span class='ocrx_word' id='word_1_173' title='bbox 235 1901 344 1980; x_wconf 91' lang='lat' dir='ltr'><strong>optima</strong></span> <span class='ocrx_word' id='word_1_174' title='bbox 364 1901 505 1974; x_wconf 87' lang='lat' dir='ltr'><strong>doctrina,</strong></span> <span class='ocrx_word' id='word_1_175' title='bbox 534 1902 661 1962; x_wconf 81' lang='lat' dir='ltr'><strong>maximo</strong></span> <span class='ocrx_word' id='word_1_176' title='bbox 684 1921 740 1962; x_wconf 90' lang='lat' dir='ltr'><strong>usu</strong></span> <span class='ocrx_word' id='word_1_177' title='bbox 762 1903 899 1981; x_wconf 85' lang='lat' dir='ltr'><strong>cognosci</strong></span> <span class='ocrx_word' id='word_1_178' title='bbox 921 1920 954 1962; x_wconf 88' lang='lat' dir='ltr'><strong>ac</strong></span> <span class='ocrx_word' id='word_1_179' title='bbox 974 1903 1085 1981; x_wconf 89' lang='lat' dir='ltr'><strong>percipi</strong></span> <span class='ocrx_word' id='word_1_180' title='bbox 1106 1921 1163 1982; x_wconf 91' lang='lat' dir='ltr'><strong>po-</strong></span> 
     </span>
    </p>
   </div>
   <div class='ocr_carea' id='block_1_3' title="bbox 93 2035 1207 4027">
    <p class='ocr_par' dir='ltr' id='par_1_3' title="bbox 94 2035 1207 2225">
     <span class='ocr_line' id='line_1_20' title="bbox 163 2035 1164 2102; baseline -0.001 -15"><span class='ocrx_word' id='word_1_181' title='bbox 163 2041 331 2102; x_wconf 69' lang='lat' dir='ltr'><strong>erroreum,</strong></span> <span class='ocrx_word' id='word_1_182' title='bbox 348 2035 458 2086; x_wconf 82' lang='lat' dir='ltr'><strong>welches</strong></span> <span class='ocrx_word' id='word_1_183' title='bbox 478 2036 541 2084; x_wconf 90' lang='lat' dir='ltr'><strong>auch</strong></span> <span class='ocrx_word' id='word_1_184' title='bbox 561 2035 677 2085; x_wconf 85' lang='lat' dir='ltr'><strong>enthehrt</strong></span> <span class='ocrx_word' id='word_1_185' title='bbox 689 2038 789 2086; x_wconf 87' lang='lat' dir='ltr'><strong>werden</strong></span> <span class='ocrx_word' id='word_1_186' title='bbox 804 2037 879 2099; x_wconf 83' lang='lat' dir='ltr'><strong>kann,</strong></span> <span class='ocrx_word' id='word_1_187' title='bbox 898 2037 1010 2088; x_wconf 86' lang='lat' dir='ltr'><strong>erinuert</strong></span> <span class='ocrx_word' id='word_1_188' title='bbox 1023 2038 1087 2087; x_wconf 88' lang='lat' dir='ltr'><strong>doeh</strong></span> <span class='ocrx_word' id='word_1_189' title='bbox 1101 2054 1164 2102; x_wconf 80' lang='lat' dir='ltr'><strong>ganz</strong></span> 
     </span>
     <span class='ocr_line' id='line_1_21' title="bbox 94 2103 1207 2172; baseline -0.001 -15"><span class='ocrx_word' id='word_1_190' title='bbox 94 2105 254 2172; x_wconf 78' lang='lat' dir='ltr'><strong>pessundari</strong></span> <span class='ocrx_word' id='word_1_191' title='bbox 273 2103 396 2168; x_wconf 83' lang='lat' dir='ltr'><strong>diejenige</strong></span> <span class='ocrx_word' id='word_1_192' title='bbox 416 2103 563 2167; x_wconf 76' lang='lat' dir='ltr'><strong>Thdtigkeit</strong></span> <span class='ocrx_word' id='word_1_193' title='bbox 583 2105 627 2153; x_wconf 93' lang='lat' dir='ltr'><strong>der</strong></span> <span class='ocrx_word' id='word_1_194' title='bbox 643 2110 731 2155; x_wconf 79' lang='lat' dir='ltr'><strong>semme·</strong></span> <span class='ocrx_word' id='word_1_195' title='bbox 746 2109 807 2169; x_wconf 76' lang='lat' dir='ltr'><strong>otri,</strong></span> <span class='ocrx_word' id='word_1_196' title='bbox 834 2107 896 2156; x_wconf 88' lang='lat' dir='ltr'><strong>nach</strong></span> <span class='ocrx_word' id='word_1_197' title='bbox 916 2107 1025 2157; x_wconf 89' lang='lat' dir='ltr'><strong>welcher</strong></span> <span class='ocrx_word' id='word_1_198' title='bbox 1044 2121 1165 2170; x_wconf 78' lang='lat' dir='ltr'><strong>voraugs-</strong></span> <span class='ocrx_word' id='word_1_199' title='bbox 1205 2163 1207 2166; x_wconf 21' lang='lat'><strong><em>¹</em></strong></span> 
     </span>
     <span class='ocr_line' id='line_1_22' title="bbox 94 2171 741 2225; baseline 0.002 -3"><span class='ocrx_word' id='word_1_200' title='bbox 94 2174 172 2225; x_wconf 80' lang='lat' dir='ltr'><strong>weiss</strong></span> <span class='ocrx_word' id='word_1_201' title='bbox 192 2172 231 2224; x_wconf 89' lang='lat' dir='ltr'><strong>sie</strong></span> <span class='ocrx_word' id='word_1_202' title='bbox 249 2173 306 2223; x_wconf 91' lang='lat' dir='ltr'><strong>hicr</strong></span> <span class='ocrx_word' id='word_1_203' title='bbox 325 2171 518 2224; x_wconf 83' lang='lat' dir='ltr'><strong>cherakterisirt</strong></span> <span class='ocrx_word' id='word_1_204' title='bbox 535 2173 635 2222; x_wconf 87' lang='lat' dir='ltr'><strong>werden</strong></span> <span class='ocrx_word' id='word_1_205' title='bbox 654 2173 741 2223; x_wconf 88' lang='lat' dir='ltr'><strong>sollen.</strong></span> 
     </span>
    </p>

    <p class='ocr_par' dir='ltr' id='par_1_4' title="bbox 94 2239 1165 2378">
     <span class='ocr_line' id='line_1_23' title="bbox 163 2239 1164 2307; baseline 0 -13"><span class='ocrx_word' id='word_1_206' title='bbox 163 2239 195 2301; x_wconf 83' lang='grc'><strong>3.</strong></span> <span class='ocrx_word' id='word_1_207' title='bbox 217 2244 256 2294; x_wconf 92' lang='lat'><strong>10.</strong></span> <span class='ocrx_word' id='word_1_208' title='bbox 277 2247 390 2307; x_wconf 68' lang='lat' dir='ltr'><strong>emeatus:</strong></span> <span class='ocrx_word' id='word_1_209' title='bbox 408 2239 572 2306; x_wconf 80' lang='lat' dir='ltr'><strong>gewtihnlieh,</strong></span> <span class='ocrx_word' id='word_1_210' title='bbox 587 2241 696 2305; x_wconf 66' lang='lat' dir='ltr'><strong>ordinm,</strong></span> <span class='ocrx_word' id='word_1_211' title='bbox 713 2240 809 2291; x_wconf 84' lang='lat' dir='ltr'><strong>oltvou</strong></span> <span class='ocrx_word' id='word_1_212' title='bbox 823 2241 873 2292; x_wconf 87' lang='lat' dir='ltr'><strong>Cic.</strong></span> <span class='ocrx_word' id='word_1_213' title='bbox 884 2243 1109 2307; x_wconf 82' lang='lat' dir='ltr'><strong>zurBezeichnung</strong></span> <span class='ocrx_word' id='word_1_214' title='bbox 1122 2245 1164 2294; x_wconf 92' lang='lat' dir='ltr'><strong>des</strong></span> 
     </span>
     <span class='ocr_line' id='line_1_24' title="bbox 94 2309 1165 2378; baseline 0.001 -17"><span class='ocrx_word' id='word_1_215' title='bbox 94 2310 268 2376; x_wconf 79' lang='lat' dir='ltr'><strong>Gegensatzes</strong></span> <span class='ocrx_word' id='word_1_216' title='bbox 286 2327 335 2360; x_wconf 90' lang='lat' dir='ltr'><strong>von</strong></span> <span class='ocrx_word' id='word_1_217' title='bbox 354 2315 433 2361; x_wconf 80' lang='lat' dir='ltr'><strong>deetm</strong></span> <span class='ocrx_word' id='word_1_218' title='bbox 453 2311 597 2375; x_wconf 79' lang='lat' dir='ltr'><strong>gebraucht,</strong></span> <span class='ocrx_word' id='word_1_219' title='bbox 617 2310 666 2360; x_wconf 92' lang='lat' dir='ltr'><strong>wie</strong></span> <span class='ocrx_word' id='word_1_220' title='bbox 678 2309 719 2361; x_wconf 91' lang='lat' dir='ltr'><strong>lll.</strong></span> <span class='ocrx_word' id='word_1_221' title='bbox 737 2314 775 2374; x_wconf 91' lang='grc'><strong>11,</strong></span> <span class='ocrx_word' id='word_1_222' title='bbox 795 2313 840 2362; x_wconf 80' lang='lat'><strong>42:</strong></span> <span class='ocrx_word' id='word_1_223' title='bbox 858 2315 958 2363; x_wconf 79' lang='lat' dir='ltr'><strong>Rustica</strong></span> <span class='ocrx_word' id='word_1_224' title='bbox 971 2330 1016 2363; x_wconf 79' lang='lat' dir='ltr'><strong>voe</strong></span> <span class='ocrx_word' id='word_1_225' title='bbox 1027 2317 1165 2378; x_wconf 72' lang='lat' dir='ltr'><strong>etepreete&#39;e.</strong></span> 
     </span>
    </p>

    <p class='ocr_par' dir='ltr' id='par_1_5' title="bbox 94 2379 1166 2513">
     <span class='ocr_line' id='line_1_25' title="bbox 163 2379 1166 2444; baseline 0 -13"><span class='ocrx_word' id='word_1_226' title='bbox 163 2385 288 2444; x_wconf 80' lang='lat' dir='ltr'><strong>insequor.</strong></span> <span class='ocrx_word' id='word_1_227' title='bbox 322 2380 411 2429; x_wconf 89' lang='lat' dir='ltr'><strong>Davon</strong></span> <span class='ocrx_word' id='word_1_228' title='bbox 428 2379 462 2428; x_wconf 91' lang='lat' dir='ltr'><strong>ist</strong></span> <span class='ocrx_word' id='word_1_229' title='bbox 482 2379 602 2428; x_wconf 76' lang='lat' dir='ltr'><strong>zuniiohst</strong></span> <span class='ocrx_word' id='word_1_230' title='bbox 621 2395 667 2429; x_wconf 91' lang='lat' dir='ltr'><strong>nur</strong></span> <span class='ocrx_word' id='word_1_231' title='bbox 686 2389 709 2431; x_wconf 88' lang='lat' dir='ltr'><strong>te</strong></span> <span class='ocrx_word' id='word_1_232' title='bbox 725 2379 859 2444; x_wconf 80' lang='lat' dir='ltr'><strong>abhiingig,</strong></span> <span class='ocrx_word' id='word_1_233' title='bbox 874 2382 995 2431; x_wconf 81' lang='lat' dir='ltr'><strong>wiihrend</strong></span> <span class='ocrx_word' id='word_1_234' title='bbox 1006 2383 1038 2434; x_wconf 79' lang='lat' dir='ltr'><strong>&#39;et</strong></span> <span class='ocrx_word' id='word_1_235' title='bbox 1056 2386 1166 2432; x_wconf 72' lang='lat' dir='ltr'><strong>erudiam</strong></span> 
     </span>
     <span class='ocr_line' id='line_1_26' title="bbox 94 2445 891 2513; baseline 0.001 -15"><span class='ocrx_word' id='word_1_236' title='bbox 94 2449 274 2512; x_wconf 83' lang='lat' dir='ltr'><strong>naehtriiglich</strong></span> <span class='ocrx_word' id='word_1_237' title='bbox 291 2448 329 2498; x_wconf 93' lang='lat' dir='ltr'><strong>als</strong></span> <span class='ocrx_word' id='word_1_238' title='bbox 349 2463 473 2512; x_wconf 82' lang='lat' dir='ltr'><strong>genauere</strong></span> <span class='ocrx_word' id='word_1_239' title='bbox 490 2445 652 2513; x_wconf 82' lang='lat' dir='ltr'><strong>Ausfu&#39;hrung</strong></span> <span class='ocrx_word' id='word_1_240' title='bbox 669 2447 832 2512; x_wconf 79' lang='lat' dir='ltr'><strong>hinzugetu&#39;gt</strong></span> <span class='ocrx_word' id='word_1_241' title='bbox 849 2449 891 2500; x_wconf 86' lang='lat' dir='ltr'><strong>ist.</strong></span> 
     </span>
    </p>

    <p class='ocr_par' dir='ltr' id='par_1_6' title="bbox 163 2515 896 2580">
     <span class='ocr_line' id='line_1_27' title="bbox 163 2515 896 2580; baseline -0.003 -12"><span class='ocrx_word' id='word_1_242' title='bbox 163 2522 263 2580; x_wconf 65' lang='lat' dir='ltr'><strong>ecdicio,</strong></span> <span class='ocrx_word' id='word_1_243' title='bbox 282 2516 331 2566; x_wconf 88' lang='lat' dir='ltr'><strong>wie</strong></span> <span class='ocrx_word' id='word_1_244' title='bbox 349 2515 390 2568; x_wconf 89' lang='lat' dir='ltr'><strong>lll.</strong></span> <span class='ocrx_word' id='word_1_245' title='bbox 414 2519 453 2579; x_wconf 87' lang='lat'><strong>16,</strong></span> <span class='ocrx_word' id='word_1_246' title='bbox 472 2519 517 2580; x_wconf 78' lang='lat'><strong>593</strong></span> <span class='ocrx_word' id='word_1_247' title='bbox 538 2518 580 2580; x_wconf 87' lang='grc'><strong>28,</strong></span> <span class='ocrx_word' id='word_1_248' title='bbox 603 2519 663 2568; x_wconf 75' lang='lat' dir='ltr'><strong>tto:</strong></span> <span class='ocrx_word' id='word_1_249' title='bbox 684 2533 728 2568; x_wconf 90' lang='lat' dir='ltr'><strong>aus</strong></span> <span class='ocrx_word' id='word_1_250' title='bbox 747 2515 896 2567; x_wconf 87' lang='lat' dir='ltr'><strong>Grundsatz.</strong></span> 
     </span>
    </p>

    <p class='ocr_par' dir='ltr' id='par_1_7' title="bbox 93 2583 1170 2788">
     <span class='ocr_line' id='line_1_28' title="bbox 160 2583 1169 2652; baseline 0 -14"><span class='ocrx_word' id='word_1_251' title='bbox 160 2597 234 2650; x_wconf 81' lang='lat' dir='ltr'><strong>pater</strong></span> <span class='ocrx_word' id='word_1_252' title='bbox 256 2589 399 2650; x_wconf 74' lang='lat' dir='ltr'><strong>eloquentiae</strong></span> <span class='ocrx_word' id='word_1_253' title='bbox 425 2584 506 2634; x_wconf 86' lang='lat' dir='ltr'><strong>heisst</strong></span> <span class='ocrx_word' id='word_1_254' title='bbox 528 2583 652 2634; x_wconf 78' lang='lat' dir='ltr'><strong>leocrates</strong></span> <span class='ocrx_word' id='word_1_255' title='bbox 676 2586 739 2650; x_wconf 78' lang='lat' dir='ltr'><strong>(gel).</strong></span> <span class='ocrx_word' id='word_1_256' title='bbox 759 2589 824 2651; x_wconf 82' lang='grc'><strong>436,</strong></span> <span class='ocrx_word' id='word_1_257' title='bbox 847 2593 910 2652; x_wconf 77' lang='lat' dir='ltr'><strong>gast.</strong></span> <span class='ocrx_word' id='word_1_258' title='bbox 928 2588 986 2648; x_wconf 81' lang='lat'><strong>338)</strong></span> <span class='ocrx_word' id='word_1_259' title='bbox 1010 2603 1097 2652; x_wconf 53' lang='lat' dir='ltr'><strong>stegen</strong></span> <span class='ocrx_word' id='word_1_260' title='bbox 1122 2589 1169 2640; x_wconf 85' lang='lat' dir='ltr'><strong>der</strong></span> 
     </span>
     <span class='ocr_line' id='line_1_29' title="bbox 94 2653 1170 2720; baseline 0.004 -16"><span class='ocrx_word' id='word_1_261' title='bbox 94 2670 200 2720; x_wconf 80' lang='lat' dir='ltr'><strong>grosscn</strong></span> <span class='ocrx_word' id='word_1_262' title='bbox 219 2653 284 2704; x_wconf 88' lang='lat' dir='ltr'><strong>Zahl</strong></span> <span class='ocrx_word' id='word_1_263' title='bbox 302 2654 385 2706; x_wconf 86' lang='lat' dir='ltr'><strong>seiner</strong></span> <span class='ocrx_word' id='word_1_264' title='bbox 402 2653 522 2715; x_wconf 80' lang='lat' dir='ltr'><strong>Sehiiler3</strong></span> <span class='ocrx_word' id='word_1_265' title='bbox 554 2653 607 2717; x_wconf 81' lang='lat' dir='ltr'><strong>vgl.</strong></span> <span class='ocrx_word' id='word_1_266' title='bbox 626 2657 667 2717; x_wconf 86' lang='lat'><strong>22,</strong></span> <span class='ocrx_word' id='word_1_267' title='bbox 686 2657 719 2707; x_wconf 88' lang='grc'><strong>94</strong></span> <span class='ocrx_word' id='word_1_268' title='bbox 738 2671 762 2706; x_wconf 92' lang='lat' dir='ltr'><strong>u.</strong></span> <span class='ocrx_word' id='word_1_269' title='bbox 780 2655 849 2704; x_wconf 84' lang='lat' dir='ltr'><strong>Brut.</strong></span> <span class='ocrx_word' id='word_1_270' title='bbox 870 2657 893 2717; x_wconf 81' lang='lat'><strong>8,</strong></span> <span class='ocrx_word' id='word_1_271' title='bbox 913 2657 958 2706; x_wconf 82' lang='lat'><strong>32:</strong></span> <span class='ocrx_word' id='word_1_272' title='bbox 990 2661 1059 2707; x_wconf 78' lang='lat' dir='ltr'><strong>aetus</strong></span> <span class='ocrx_word' id='word_1_273' title='bbox 1083 2661 1170 2708; x_wconf 80' lang='lat' dir='ltr'><strong>domus</strong></span> 
     </span>
     <span class='ocr_line' id='line_1_30' title="bbox 93 2725 1042 2788; baseline 0.001 -14"><span class='ocrx_word' id='word_1_274' title='bbox 93 2735 192 2776; x_wconf 68' lang='lat' dir='ltr'><strong>eundae</strong></span> <span class='ocrx_word' id='word_1_275' title='bbox 215 2727 326 2776; x_wconf 69' lang='lat' dir='ltr'><strong>cracem</strong></span> <span class='ocrx_word' id='word_1_276' title='bbox 343 2726 415 2788; x_wconf 79' lang='lat' dir='ltr'><strong>quasi</strong></span> <span class='ocrx_word' id='word_1_277' title='bbox 431 2725 502 2773; x_wconf 83' lang='lat' dir='ltr'><strong>ludus</strong></span> <span class='ocrx_word' id='word_1_278' title='bbox 520 2725 619 2786; x_wconf 81' lang='lat' dir='ltr'><strong>quidam</strong></span> <span class='ocrx_word' id='word_1_279' title='bbox 635 2728 715 2784; x_wconf 76' lang='lat' dir='ltr'><strong>pomo</strong></span> <span class='ocrx_word' id='word_1_280' title='bbox 736 2734 807 2788; x_wconf 82' lang='lat' dir='ltr'><strong>atque</strong></span> <span class='ocrx_word' id='word_1_281' title='bbox 823 2727 924 2787; x_wconf 75' lang='lat' dir='ltr'><strong>efficiere</strong></span> <span class='ocrx_word' id='word_1_282' title='bbox 941 2728 1042 2776; x_wconf 77' lang='lat' dir='ltr'><strong>dr&#39;cemde&#39;.</strong></span> 
     </span>
    </p>

    <p class='ocr_par' dir='ltr' id='par_1_8' title="bbox 94 2789 1171 3199">
     <span class='ocr_line' id='line_1_31' title="bbox 165 2789 1165 2858; baseline 0 -14"><span class='ocrx_word' id='word_1_283' title='bbox 165 2795 284 2844; x_wconf 77' lang='lat' dir='ltr'><strong>Isocrates</strong></span> <span class='ocrx_word' id='word_1_284' title='bbox 306 2792 354 2856; x_wconf 86' lang='lat' dir='ltr'><strong>ist,</strong></span> <span class='ocrx_word' id='word_1_285' title='bbox 381 2789 430 2840; x_wconf 90' lang='lat' dir='ltr'><strong>wie</strong></span> <span class='ocrx_word' id='word_1_286' title='bbox 457 2789 494 2840; x_wconf 86' lang='lat' dir='ltr'><strong>oft</strong></span> <span class='ocrx_word' id='word_1_287' title='bbox 522 2790 561 2840; x_wconf 88' lang='lat' dir='ltr'><strong>die</strong></span> <span class='ocrx_word' id='word_1_288' title='bbox 586 2808 647 2842; x_wconf 82' lang='lat' dir='ltr'><strong>mom.</strong></span> <span class='ocrx_word' id='word_1_289' title='bbox 666 2809 757 2857; x_wconf 69' lang='lat' dir='ltr'><strong>propr,</strong></span> <span class='ocrx_word' id='word_1_290' title='bbox 785 2794 831 2842; x_wconf 90' lang='lat' dir='ltr'><strong>den</strong></span> <span class='ocrx_word' id='word_1_291' title='bbox 856 2791 964 2844; x_wconf 87' lang='lat' dir='ltr'><strong>Worten</strong></span> <span class='ocrx_word' id='word_1_292' title='bbox 990 2795 1165 2858; x_wconf 82' lang='lat' dir='ltr'><strong>nachgestellt,</strong></span> 
     </span>
     <span class='ocr_line' id='line_1_32' title="bbox 94 2858 1171 2926; baseline 0.001 -14"><span class='ocrx_word' id='word_1_293' title='bbox 94 2863 194 2914; x_wconf 83' lang='lat' dir='ltr'><strong>welche</strong></span> <span class='ocrx_word' id='word_1_294' title='bbox 213 2877 258 2911; x_wconf 91' lang='lat' dir='ltr'><strong>zur</strong></span> <span class='ocrx_word' id='word_1_295' title='bbox 275 2858 513 2923; x_wconf 80' lang='lat' dir='ltr'><strong>Charakterisirang</strong></span> <span class='ocrx_word' id='word_1_296' title='bbox 532 2859 660 2910; x_wconf 84' lang='lat' dir='ltr'><strong>desselben</strong></span> <span class='ocrx_word' id='word_1_297' title='bbox 678 2861 780 2922; x_wconf 85' lang='lat' dir='ltr'><strong>dienen,</strong></span> <span class='ocrx_word' id='word_1_298' title='bbox 804 2860 853 2910; x_wconf 88' lang='lat' dir='ltr'><strong>und</strong></span> <span class='ocrx_word' id='word_1_299' title='bbox 873 2876 952 2926; x_wconf 80' lang='lat' dir='ltr'><strong>gegen</strong></span> <span class='ocrx_word' id='word_1_300' title='bbox 970 2862 1014 2912; x_wconf 86' lang='lat' dir='ltr'><strong>das</strong></span> <span class='ocrx_word' id='word_1_301' title='bbox 1033 2863 1102 2912; x_wconf 83' lang='lat' dir='ltr'><strong>Ende</strong></span> <span class='ocrx_word' id='word_1_302' title='bbox 1122 2865 1171 2914; x_wconf 88' lang='lat' dir='ltr'><strong>der</strong></span> 
     </span>
     <span class='ocr_line' id='line_1_33' title="bbox 95 2927 1166 2994; baseline 0 -12"><span class='ocrx_word' id='word_1_303' title='bbox 95 2931 204 2982; x_wconf 80' lang='lat' dir='ltr'><strong>Perinde</strong></span> <span class='ocrx_word' id='word_1_304' title='bbox 222 2929 379 2994; x_wconf 78' lang='lat' dir='ltr'><strong>hingeriiekt.</strong></span> <span class='ocrx_word' id='word_1_305' title='bbox 414 2928 464 2978; x_wconf 86' lang='lat' dir='ltr'><strong>llas</strong></span> <span class='ocrx_word' id='word_1_306' title='bbox 483 2928 538 2978; x_wconf 90' lang='lat' dir='ltr'><strong>hier</strong></span> <span class='ocrx_word' id='word_1_307' title='bbox 558 2930 688 2980; x_wconf 83' lang='lat' dir='ltr'><strong>erwiihnte</strong></span> <span class='ocrx_word' id='word_1_308' title='bbox 706 2927 870 2980; x_wconf 85' lang='lat' dir='ltr'><strong>Gestiiudniss</strong></span> <span class='ocrx_word' id='word_1_309' title='bbox 891 2930 933 2980; x_wconf 89' lang='lat' dir='ltr'><strong>des</strong></span> <span class='ocrx_word' id='word_1_310' title='bbox 952 2929 1076 2982; x_wconf 87' lang='lat' dir='ltr'><strong>Isocrates</strong></span> <span class='ocrx_word' id='word_1_311' title='bbox 1097 2934 1166 2982; x_wconf 88' lang='lat' dir='ltr'><strong>steht</strong></span> 
     </span>
     <span class='ocr_line' id='line_1_34' title="bbox 95 2995 1167 3064; baseline 0.003 -15"><span class='ocrx_word' id='word_1_312' title='bbox 95 3001 129 3049; x_wconf 88' lang='lat' dir='ltr'><strong>im</strong></span> <span class='ocrx_word' id='word_1_313' title='bbox 147 2998 289 3050; x_wconf 88' lang='lat' dir='ltr'><strong>Panathen.</strong></span> <span class='ocrx_word' id='word_1_314' title='bbox 310 2999 324 3061; x_wconf 72' lang='grc' dir='ltr'>ξ</span> <span class='ocrx_word' id='word_1_315' title='bbox 344 3001 374 3051; x_wconf 86' lang='lat' dir='ltr'><strong>to</strong></span> <span class='ocrx_word' id='word_1_316' title='bbox 391 3013 413 3062; x_wconf 89' lang='lat' dir='ltr'><strong>p.</strong></span> <span class='ocrx_word' id='word_1_317' title='bbox 434 2999 491 3049; x_wconf 90' lang='grc'><strong>261.</strong></span> <span class='ocrx_word' id='word_1_318' title='bbox 527 2995 586 3060; x_wconf 79' lang='lat' dir='ltr'><strong>Vgl.</strong></span> <span class='ocrx_word' id='word_1_319' title='bbox 604 2998 634 3048; x_wconf 88' lang='lat' dir='ltr'><strong>de</strong></span> <span class='ocrx_word' id='word_1_320' title='bbox 652 3013 704 3064; x_wconf 88' lang='lat' dir='ltr'><strong>rep.</strong></span> <span class='ocrx_word' id='word_1_321' title='bbox 723 2997 766 3049; x_wconf 95' lang='lat' dir='ltr'><strong>lll.</strong></span> <span class='ocrx_word' id='word_1_322' title='bbox 783 3001 816 3050; x_wconf 83' lang='lat'><strong>42</strong></span> <span class='ocrx_word' id='word_1_323' title='bbox 838 2997 888 3062; x_wconf 85' lang='lat' dir='ltr'><strong>(bei</strong></span> <span class='ocrx_word' id='word_1_324' title='bbox 906 2997 969 3049; x_wconf 88' lang='lat' dir='ltr'><strong>Non.</strong></span> <span class='ocrx_word' id='word_1_325' title='bbox 980 3016 1004 3050; x_wconf 88' lang='lat' dir='ltr'><strong>v.</strong></span> <span class='ocrx_word' id='word_1_326' title='bbox 1017 3001 1167 3052; x_wconf 85' lang='lat' dir='ltr'><strong>confidentia</strong></span> 
     </span>
     <span class='ocr_line' id='line_1_35' title="bbox 96 3067 1169 3134; baseline 0 -13"><span class='ocrx_word' id='word_1_327' title='bbox 96 3085 120 3134; x_wconf 88' lang='lat' dir='ltr'><strong>p.</strong></span> <span class='ocrx_word' id='word_1_328' title='bbox 132 3067 211 3132; x_wconf 78' lang='lat'>262):</span> <span class='ocrx_word' id='word_1_329' title='bbox 230 3071 290 3118; x_wconf 81' lang='lat' dir='ltr'><strong>deae</strong></span> <span class='ocrx_word' id='word_1_330' title='bbox 306 3071 355 3117; x_wconf 80' lang='lat' dir='ltr'><strong>sr&#39;de&#39;</strong></span> <span class='ocrx_word' id='word_1_331' title='bbox 370 3083 416 3131; x_wconf 84' lang='lat' dir='ltr'><strong>ree,</strong></span> <span class='ocrx_word' id='word_1_332' title='bbox 436 3082 483 3129; x_wconf 78' lang='lat' dir='ltr'><strong>que</strong></span> <span class='ocrx_word' id='word_1_333' title='bbox 504 3069 584 3116; x_wconf 80' lang='lat' dir='ltr'><strong>mimus</strong></span> <span class='ocrx_word' id='word_1_334' title='bbox 601 3071 628 3116; x_wconf 80' lang='lat' dir='ltr'><strong>tm</strong></span> <span class='ocrx_word' id='word_1_335' title='bbox 639 3072 720 3133; x_wconf 74' lang='lat' dir='ltr'><strong>colpus</strong></span> <span class='ocrx_word' id='word_1_336' title='bbox 737 3077 759 3118; x_wconf 90' lang='lat' dir='ltr'><strong>et</strong></span> <span class='ocrx_word' id='word_1_337' title='bbox 776 3071 803 3118; x_wconf 81' lang='lat' dir='ltr'><strong>im</strong></span> <span class='ocrx_word' id='word_1_338' title='bbox 813 3071 877 3134; x_wconf 83' lang='lat' dir='ltr'><strong>foro</strong></span> <span class='ocrx_word' id='word_1_339' title='bbox 889 3072 982 3131; x_wconf 83' lang='lat' dir='ltr'><strong>diecret,</strong></span> <span class='ocrx_word' id='word_1_340' title='bbox 1000 3073 1169 3132; x_wconf 71' lang='lat' dir='ltr'><strong>confidentiam·</strong></span> 
     </span>
     <span class='ocr_line' id='line_1_36' title="bbox 95 3137 344 3199; baseline -0.012 -11"><span class='ocrx_word' id='word_1_341' title='bbox 95 3147 116 3188; x_wconf 85' lang='lat' dir='ltr'><strong>et</strong></span> <span class='ocrx_word' id='word_1_342' title='bbox 133 3153 214 3189; x_wconf 84' lang='lat' dir='ltr'><strong>eorem</strong></span> <span class='ocrx_word' id='word_1_343' title='bbox 232 3137 344 3199; x_wconf 79' lang='lat' dir='ltr'><strong>defuisse.</strong></span> 
     </span>
    </p>

    <p class='ocr_par' dir='ltr' id='par_1_9' title="bbox 95 3203 1186 3476">
     <span class='ocr_line' id='line_1_37' title="bbox 163 3203 1166 3270; baseline 0 -13"><span class='ocrx_word' id='word_1_344' title='bbox 163 3209 295 3267; x_wconf 81' lang='lat' dir='ltr'><strong>rhetorem,</strong></span> <span class='ocrx_word' id='word_1_345' title='bbox 320 3204 464 3256; x_wconf 82' lang='lat' dir='ltr'><strong>scherzhalt</strong></span> <span class='ocrx_word' id='word_1_346' title='bbox 491 3221 578 3270; x_wconf 82' lang='lat' dir='ltr'><strong>wegen</strong></span> <span class='ocrx_word' id='word_1_347' title='bbox 604 3205 648 3254; x_wconf 87' lang='lat' dir='ltr'><strong>der</strong></span> <span class='ocrx_word' id='word_1_348' title='bbox 665 3203 785 3256; x_wconf 88' lang='lat' dir='ltr'><strong>Vorliebe</strong></span> <span class='ocrx_word' id='word_1_349' title='bbox 808 3203 917 3255; x_wconf 83' lang='lat' dir='ltr'><strong>Cicero&#39;s</strong></span> <span class='ocrx_word' id='word_1_350' title='bbox 936 3203 985 3256; x_wconf 79' lang='lat' dir='ltr'><strong>:tar</strong></span> <span class='ocrx_word' id='word_1_351' title='bbox 1009 3206 1166 3258; x_wconf 87' lang='lat' dir='ltr'><strong>rhetorisehe</strong></span> 
     </span>
     <span class='ocr_line' id='line_1_38' title="bbox 96 3271 1186 3339; baseline -0.002 -14"><span class='ocrx_word' id='word_1_352' title='bbox 96 3274 212 3338; x_wconf 86' lang='lat' dir='ltr'><strong>Studien,</strong></span> <span class='ocrx_word' id='word_1_353' title='bbox 229 3273 327 3324; x_wconf 89' lang='lat' dir='ltr'><strong>welche</strong></span> <span class='ocrx_word' id='word_1_354' title='bbox 347 3289 375 3325; x_wconf 88' lang='lat' dir='ltr'><strong>er</strong></span> <span class='ocrx_word' id='word_1_355' title='bbox 393 3274 554 3339; x_wconf 79' lang='lat' dir='ltr'><strong>griindlicher</strong></span> <span class='ocrx_word' id='word_1_356' title='bbox 571 3275 609 3324; x_wconf 90' lang='lat' dir='ltr'><strong>als</strong></span> <span class='ocrx_word' id='word_1_357' title='bbox 628 3273 677 3323; x_wconf 90' lang='lat' dir='ltr'><strong>alle</strong></span> <span class='ocrx_word' id='word_1_358' title='bbox 692 3271 817 3323; x_wconf 80' lang='lat' dir='ltr'><strong>lllretoren</strong></span> <span class='ocrx_word' id='word_1_359' title='bbox 830 3289 879 3324; x_wconf 85' lang='lat' dir='ltr'><strong>von</strong></span> <span class='ocrx_word' id='word_1_360' title='bbox 891 3273 959 3324; x_wconf 81' lang='lat' dir='ltr'><strong>Faeh</strong></span> <span class='ocrx_word' id='word_1_361' title='bbox 971 3274 1076 3326; x_wconf 86' lang='lat' dir='ltr'><strong>betrieb.</strong></span> <span class='ocrx_word' id='word_1_362' title='bbox 1107 3275 1166 3325; x_wconf 86' lang='lat' dir='ltr'><strong>Scin</strong></span> <span class='ocrx_word' id='word_1_363' title='bbox 1185 3314 1186 3317; x_wconf 66' lang='lat'><strong>,</strong></span> 
     </span>
     <span class='ocr_line' id='line_1_39' title="bbox 95 3341 1166 3408; baseline -0.002 -15"><span class='ocrx_word' id='word_1_364' title='bbox 95 3345 194 3394; x_wconf 85' lang='lat' dir='ltr'><strong>Bruder</strong></span> <span class='ocrx_word' id='word_1_365' title='bbox 214 3341 320 3408; x_wconf 78' lang='lat' dir='ltr'><strong>Quintus</strong></span> <span class='ocrx_word' id='word_1_366' title='bbox 339 3343 461 3408; x_wconf 80' lang='lat' dir='ltr'><strong>hingegeu</strong></span> <span class='ocrx_word' id='word_1_367' title='bbox 480 3343 568 3393; x_wconf 90' lang='lat' dir='ltr'><strong>wollte</strong></span> <span class='ocrx_word' id='word_1_368' title='bbox 585 3342 671 3392; x_wconf 87' lang='lat' dir='ltr'><strong>weder</strong></span> <span class='ocrx_word' id='word_1_369' title='bbox 687 3357 737 3391; x_wconf 77' lang='lat' dir='ltr'><strong>rou</strong></span> <span class='ocrx_word' id='word_1_370' title='bbox 758 3342 802 3392; x_wconf 88' lang='lat' dir='ltr'><strong>der</strong></span> <span class='ocrx_word' id='word_1_371' title='bbox 818 3342 953 3407; x_wconf 75' lang='lat' dir='ltr'><strong>Ausiibung</strong></span> <span class='ocrx_word' id='word_1_372' title='bbox 972 3345 1035 3393; x_wconf 87' lang='lat' dir='ltr'><strong>noch</strong></span> <span class='ocrx_word' id='word_1_373' title='bbox 1054 3360 1102 3392; x_wconf 89' lang='lat' dir='ltr'><strong>von</strong></span> <span class='ocrx_word' id='word_1_374' title='bbox 1122 3345 1166 3393; x_wconf 91' lang='lat' dir='ltr'><strong>der</strong></span> 
     </span>
     <span class='ocr_line' id='line_1_40' title="bbox 97 3410 833 3476; baseline 0 -16"><span class='ocrx_word' id='word_1_375' title='bbox 97 3413 223 3476; x_wconf 74' lang='lat' dir='ltr'><strong>vulgiiren</strong></span> <span class='ocrx_word' id='word_1_376' title='bbox 244 3410 353 3462; x_wconf 82' lang='lat' dir='ltr'><strong>Tleorie</strong></span> <span class='ocrx_word' id='word_1_377' title='bbox 370 3413 414 3462; x_wconf 90' lang='lat' dir='ltr'><strong>dar</strong></span> <span class='ocrx_word' id='word_1_378' title='bbox 431 3411 618 3462; x_wconf 67' lang='lat' dir='ltr'><strong>heremamlreit</strong></span> <span class='ocrx_word' id='word_1_379' title='bbox 635 3417 714 3461; x_wconf 86' lang='lat' dir='ltr'><strong>etwas</strong></span> <span class='ocrx_word' id='word_1_380' title='bbox 734 3411 833 3461; x_wconf 87' lang='lat' dir='ltr'><strong>wissen.</strong></span> 
     </span>
    </p>

    <p class='ocr_par' dir='ltr' id='par_1_10' title="bbox 94 3477 1166 3614">
     <span class='ocr_line' id='line_1_41' title="bbox 166 3477 1166 3548; baseline -0.002 -16"><span class='ocrx_word' id='word_1_381' title='bbox 166 3485 324 3544; x_wconf 71' lang='lat' dir='ltr'><strong>sermenem,</strong></span> <span class='ocrx_word' id='word_1_382' title='bbox 344 3496 467 3548; x_wconf 80' lang='lat' dir='ltr'><strong>synonyru</strong></span> <span class='ocrx_word' id='word_1_383' title='bbox 481 3481 527 3531; x_wconf 88' lang='lat' dir='ltr'><strong>mit</strong></span> <span class='ocrx_word' id='word_1_384' title='bbox 537 3483 628 3542; x_wconf 69' lang='lat' dir='ltr'><strong>inopte,</strong></span> <span class='ocrx_word' id='word_1_385' title='bbox 644 3479 730 3528; x_wconf 87' lang='lat' dir='ltr'><strong>womit</strong></span> <span class='ocrx_word' id='word_1_386' title='bbox 741 3493 766 3529; x_wconf 90' lang='lat' dir='ltr'><strong>es</strong></span> <span class='ocrx_word' id='word_1_387' title='bbox 782 3477 859 3530; x_wconf 80' lang='lat' dir='ltr'><strong>titters</strong></span> <span class='ocrx_word' id='word_1_388' title='bbox 874 3480 1014 3530; x_wconf 87' lang='lat' dir='ltr'><strong>verbunden</strong></span> <span class='ocrx_word' id='word_1_389' title='bbox 1031 3480 1166 3542; x_wconf 88' lang='lat' dir='ltr'><strong>ersoheint,</strong></span> 
     </span>
     <span class='ocr_line' id='line_1_42' title="bbox 94 3551 390 3614; baseline 0.01 -14"><span class='ocrx_word' id='word_1_390' title='bbox 94 3569 117 3602; x_wconf 88' lang='lat' dir='ltr'><strong>z.</strong></span> <span class='ocrx_word' id='word_1_391' title='bbox 134 3551 160 3602; x_wconf 87' lang='lat' dir='ltr'><strong>B.</strong></span> <span class='ocrx_word' id='word_1_392' title='bbox 179 3551 251 3605; x_wconf 86' lang='lat' dir='ltr'><strong>Brut.</strong></span> <span class='ocrx_word' id='word_1_393' title='bbox 269 3551 310 3614; x_wconf 77' lang='lat'><strong>55,</strong></span> <span class='ocrx_word' id='word_1_394' title='bbox 331 3552 390 3604; x_wconf 88' lang='grc'><strong>202.</strong></span> 
     </span>
    </p>

    <p class='ocr_par' dir='ltr' id='par_1_11' title="bbox 96 3617 1170 3752">
     <span class='ocr_line' id='line_1_43' title="bbox 169 3617 1170 3683; baseline -0.003 -13"><span class='ocrx_word' id='word_1_395' title='bbox 169 3621 207 3672; x_wconf 88' lang='grc'><strong>11.</strong></span> <span class='ocrx_word' id='word_1_396' title='bbox 233 3623 404 3682; x_wconf 77' lang='lat' dir='ltr'><strong>praetm&#39;rum,</strong></span> <span class='ocrx_word' id='word_1_397' title='bbox 430 3617 485 3668; x_wconf 87' lang='lat' dir='ltr'><strong>hier</strong></span> <span class='ocrx_word' id='word_1_398' title='bbox 508 3618 571 3669; x_wconf 90' lang='lat' dir='ltr'><strong>ohne</strong></span> <span class='ocrx_word' id='word_1_399' title='bbox 596 3620 702 3683; x_wconf 79' lang='lat' dir='ltr'><strong>silentio,</strong></span> <span class='ocrx_word' id='word_1_400' title='bbox 721 3631 774 3667; x_wconf 85' lang='lat' dir='ltr'><strong>was</strong></span> <span class='ocrx_word' id='word_1_401' title='bbox 799 3617 956 3682; x_wconf 76' lang='lat' dir='ltr'><strong>gewithnlich</strong></span> <span class='ocrx_word' id='word_1_402' title='bbox 973 3617 1013 3668; x_wconf 90' lang='lat' dir='ltr'><strong>hei</strong></span> <span class='ocrx_word' id='word_1_403' title='bbox 1031 3619 1170 3678; x_wconf 76' lang='lat' dir='ltr'><strong>praeterire</strong></span> 
     </span>
     <span class='ocr_line' id='line_1_44' title="bbox 96 3685 605 3752; baseline 0 -12"><span class='ocrx_word' id='word_1_404' title='bbox 96 3690 172 3752; x_wconf 84' lang='lat' dir='ltr'><strong>steht,</strong></span> <span class='ocrx_word' id='word_1_405' title='bbox 192 3687 254 3738; x_wconf 88' lang='lat' dir='ltr'><strong>aber</strong></span> <span class='ocrx_word' id='word_1_406' title='bbox 271 3686 312 3738; x_wconf 88' lang='lat' dir='ltr'><strong>hei</strong></span> <span class='ocrx_word' id='word_1_407' title='bbox 325 3691 516 3749; x_wconf 75' lang='lat' dir='ltr'><strong>praetermittere</strong></span> <span class='ocrx_word' id='word_1_408' title='bbox 533 3685 605 3740; x_wconf 83' lang='lat' dir='ltr'><strong>fehlt.</strong></span> 
     </span>
    </p>

    <p class='ocr_par' dir='ltr' id='par_1_12' title="bbox 98 3749 1168 3960">
     <span class='ocr_line' id='line_1_45' title="bbox 165 3749 1167 3822; baseline -0.004 -14"><span class='ocrx_word' id='word_1_409' title='bbox 165 3757 266 3808; x_wconf 78' lang='lat' dir='ltr'><strong>summis</strong></span> <span class='ocrx_word' id='word_1_410' title='bbox 287 3760 392 3822; x_wconf 70' lang='lat' dir='ltr'><strong>imperetis</strong></span> <span class='ocrx_word' id='word_1_411' title='bbox 413 3751 473 3806; x_wconf 83' lang='lat' dir='ltr'><strong>‘bei</strong></span> <span class='ocrx_word' id='word_1_412' title='bbox 500 3756 580 3806; x_wconf 86' lang='lat' dir='ltr'><strong>hohor</strong></span> <span class='ocrx_word' id='word_1_413' title='bbox 601 3749 751 3819; x_wconf 72' lang='lat' dir='ltr'><strong>Regabung’,</strong></span> <span class='ocrx_word' id='word_1_414' title='bbox 791 3755 841 3805; x_wconf 89' lang='lat' dir='ltr'><strong>Der</strong></span> <span class='ocrx_word' id='word_1_415' title='bbox 866 3753 933 3806; x_wconf 92' lang='lat' dir='ltr'><strong>Plus.</strong></span> <span class='ocrx_word' id='word_1_416' title='bbox 959 3753 1096 3820; x_wconf 84' lang='lat' dir='ltr'><strong>entspricht</strong></span> <span class='ocrx_word' id='word_1_417' title='bbox 1121 3755 1167 3806; x_wconf 89' lang='lat' dir='ltr'><strong>der</strong></span> 
     </span>
     <span class='ocr_line' id='line_1_46' title="bbox 99 3821 1168 3890; baseline -0.004 -13"><span class='ocrx_word' id='word_1_418' title='bbox 99 3823 261 3876; x_wconf 84' lang='lat' dir='ltr'><strong>Concinnittit</strong></span> <span class='ocrx_word' id='word_1_419' title='bbox 278 3826 373 3890; x_wconf 78' lang='lat' dir='ltr'><strong>twegen</strong></span> <span class='ocrx_word' id='word_1_420' title='bbox 391 3826 487 3884; x_wconf 77' lang='lat' dir='ltr'><strong>studita)</strong></span> <span class='ocrx_word' id='word_1_421' title='bbox 506 3825 557 3874; x_wconf 89' lang='lat' dir='ltr'><strong>und</strong></span> <span class='ocrx_word' id='word_1_422' title='bbox 575 3826 643 3874; x_wconf 89' lang='lat' dir='ltr'><strong>steht</strong></span> <span class='ocrx_word' id='word_1_423' title='bbox 659 3824 833 3874; x_wconf 88' lang='lat' dir='ltr'><strong>inshesondere</strong></span> <span class='ocrx_word' id='word_1_424' title='bbox 851 3823 895 3872; x_wconf 88' lang='lat' dir='ltr'><strong>mit</strong></span> <span class='ocrx_word' id='word_1_425' title='bbox 906 3823 988 3886; x_wconf 82' lang='lat' dir='ltr'><strong>Bezug</strong></span> <span class='ocrx_word' id='word_1_426' title='bbox 1005 3821 1051 3872; x_wconf 86' lang='lat' dir='ltr'><strong>aul</strong></span> <span class='ocrx_word' id='word_1_427' title='bbox 1060 3823 1168 3874; x_wconf 86' lang='lat' dir='ltr'><strong>Crassus</strong></span> 
     </span>
     <span class='ocr_line' id='line_1_47' title="bbox 98 3890 1070 3960; baseline -0.002 -16"><span class='ocrx_word' id='word_1_428' title='bbox 98 3895 148 3944; x_wconf 83' lang='lat' dir='ltr'><strong>und</strong></span> <span class='ocrx_word' id='word_1_429' title='bbox 166 3893 300 3960; x_wconf 84' lang='lat' dir='ltr'><strong>Antonius,</strong></span> <span class='ocrx_word' id='word_1_430' title='bbox 318 3909 350 3944; x_wconf 88' lang='lat' dir='ltr'><strong>an</strong></span> <span class='ocrx_word' id='word_1_431' title='bbox 368 3893 407 3943; x_wconf 89' lang='lat' dir='ltr'><strong>die</strong></span> <span class='ocrx_word' id='word_1_432' title='bbox 425 3895 488 3944; x_wconf 85' lang='lat' dir='ltr'><strong>auch</strong></span> <span class='ocrx_word' id='word_1_433' title='bbox 504 3908 592 3958; x_wconf 78' lang='lat' dir='ltr'><strong>wegen</strong></span> <span class='ocrx_word' id='word_1_434' title='bbox 610 3893 653 3944; x_wconf 87' lang='lat' dir='ltr'><strong>dos</strong></span> <span class='ocrx_word' id='word_1_435' title='bbox 671 3890 722 3945; x_wconf 85' lang='lat' dir='ltr'><strong>Pri.</strong></span> <span class='ocrx_word' id='word_1_436' title='bbox 736 3896 843 3954; x_wconf 76' lang='lat' dir='ltr'><strong>petuisse</strong></span> <span class='ocrx_word' id='word_1_437' title='bbox 861 3908 892 3941; x_wconf 90' lang='lat' dir='ltr'><strong>zu</strong></span> <span class='ocrx_word' id='word_1_438' title='bbox 914 3891 1008 3941; x_wconf 86' lang='lat' dir='ltr'><strong>denken</strong></span> <span class='ocrx_word' id='word_1_439' title='bbox 1029 3891 1070 3944; x_wconf 86' lang='lat' dir='ltr'><strong>ist.</strong></span> 
     </span>
    </p>

    <p class='ocr_par' dir='ltr' id='par_1_13' title="bbox 166 3963 687 4027">
     <span class='ocr_line' id='line_1_48' title="bbox 166 3963 687 4027; baseline -0.004 -13"><span class='ocrx_word' id='word_1_440' title='bbox 166 3966 276 4014; x_wconf 77' lang='lat' dir='ltr'><strong>doctrine</strong></span> <span class='ocrx_word' id='word_1_441' title='bbox 293 3963 344 4013; x_wconf 89' lang='lat' dir='ltr'><strong>und</strong></span> <span class='ocrx_word' id='word_1_442' title='bbox 356 3967 521 4026; x_wconf 79' lang='lat' dir='ltr'><strong>prudentiam,</strong></span> <span class='ocrx_word' id='word_1_443' title='bbox 541 3979 560 4013; x_wconf 90' lang='lat' dir='ltr'><strong>s.</strong></span> <span class='ocrx_word' id='word_1_444' title='bbox 578 3978 600 4014; x_wconf 84' lang='lat' dir='ltr'><strong>z.</strong></span> <span class='ocrx_word' id='word_1_445' title='bbox 621 3965 642 4027; x_wconf 91' lang='lat' dir='ltr'><strong>l,</strong></span> <span class='ocrx_word' id='word_1_446' title='bbox 664 3964 687 4013; x_wconf 88' lang='lat'><strong>1.</strong></span> 
     </span>
    </p>
   </div>
   <div class='ocr_carea' id='block_1_4' title="bbox 0 0 1418 4526">
    <p class='ocr_par' dir='ltr' id='par_1_14' title="bbox 0 0 1418 4526">
     <span class='ocr_line' id='line_1_49' title="bbox 0 0 1418 4526; baseline 0 0"><span class='ocrx_word' id='word_1_447' title='bbox 0 0 1418 4526; x_wconf 95' lang='lat' dir='ltr'><strong> </strong></span> 
     </span>
    </p>
   </div>
  </div>
 </body>
</html>
