2760 4520
291 337 334 388 os
356 335 520 404 omrons,
543 335 771 404 1666666.
792 339 963 400 essaeos
1105 333 1165 404 185
1223 361 1226 372 0
1308 315 1323 352 ”

89 493 185 554 multo
218 492 310 572 magis
330 493 467 554 virtutem
490 502 518 554 et
540 493 717 572 diligentiam
739 493 871 555 admiror
892 502 920 554 et
942 494 1030 555 simul
1052 493 1165 574 gaudeo
1249 471 1251 474 ’

86 577 237 639 iudicium
258 577 348 638 animi
371 580 429 638 mei
451 577 647 660 comprobari,
671 578 752 656 quod
775 597 891 658 semper
914 580 1000 640 statui
1016 581 1175 641 nemiuem*

86 663 251 744 sapientiae
272 663 389 724 laudem
412 673 441 724 et
462 664 645 741 eloquentiae
668 665 731 725 sine
753 683 872 725 summo
895 665 991 725 studio
1016 674 1044 726 et
1064 665 1165 726 labore

86 758 117 810 et
140 748 277 808 doctrina
300 749 442 827 consequi
464 767 562 828 posse.
599 750 657 810 Sed
679 758 777 810 tamen
800 751 941 828 quidnam
964 751 1060 822 estid,
1084 750 1165 829 quod
1270 757 1272 764 ⁴

85 833 190 894 dixisti
222 835 302 910 lore,
333 843 366 894 ut
391 833 443 895 tibi
465 835 705 913 ignosceremus,
735 835 759 895 si
782 852 1011 914 cognossemus,
1040 854 1115 915 quae
1138 847 1165 897 te

85 937 179 981 causa
200 918 233 978 in
256 937 426 980 sermonem
443 916 629 998 impulisset?
651 921 733 994 Quae
754 929 797 981 est
815 920 894 981 enim
916 920 970 981 alia
992 939 1087 994 causa,
1109 922 1166 983 nisi

85 1003 171 1086 quod
195 1002 283 1063 nobis
306 1013 335 1064 et
355 1004 465 1066 horum
483 1004 715 1066 adolescentium
735 1005 843 1082 studio,
867 1007 917 1084 qui
932 1015 960 1067 te
975 1007 1165 1068 attentissime

83 1089 259 1160 audierunt,
278 1105 393 1149 morem
415 1109 516 1169 gerere
538 1087 679 1152 voluisti?
707 1090 784 1151 Tum
806 1091 869 1152 ille:
891 1091 1038 1167 Adimere‚
1060 1092 1165 1173 inquit,
1237 1133 1244 1148 .

87 1191 215 1236 omnem
237 1175 455 1236 recusationem
477 1175 582 1237 Crasso
612 1176 708 1249 volui,
739 1194 828 1254 quem
851 1195 905 1256 ego
928 1178 1015 1255 paulo
1038 1178 1164 1238 sciebam

86 1261 136 1322 vel
166 1259 328 1339 pudentius
358 1261 403 1321 vel
423 1261 543 1322 invitius
564 1295 604 1304 -
626 1261 697 1323 uolo
720 1262 798 1322 enim
821 1263 917 1323 dicere
940 1262 978 1323 de
1002 1271 1060 1324 mm
1083 1265 1166 1324 suavi
1254 1333 1255 1336 ¹

86 1347 214 1406 hcntine
232 1344 411 1407 fastidiosius
425 1379 467 1390 -
481 1346 517 1407 ad
540 1346 598 1406 hoc
620 1365 714 1425 genus
734 1348 882 1409 sermonis
903 1347 1050 1409 accedere.
1088 1349 1166 1422 Quid
1190 1417 1195 1428 ,

87 1431 173 1492 enim
189 1429 298 1509 poterit
313 1428 434 1492 dicere?
449 1431 641 1494 Consularem
652 1451 683 1492 se
694 1451 758 1494 esse
770 1432 922 1494 hominem
934 1442 963 1494 et
974 1431 1185 1495 censorious.

88 1517 206 1578 Eadem
235 1523 337 1575 nostra
366 1534 452 1578 causa
483 1526 534 1578 est.
578 1519 625 1577 An
648 1528 770 1579 aetatem
793 1516 928 1579 adferet?
963 1519 1164 1592 Quadriennio

89 1601 195 1663 minor
217 1607 269 1660 est
302 1600 348 1661 An
372 1621 403 1664 se
426 1603 497 1663 haec
519 1599 657 1663 nescire?
678 1604 759 1677 Quae
781 1621 835 1683 ego
858 1621 935 1677 sero,
958 1621 1033 1682 quae
1056 1605 1164 1666 cursim

86 1685 215 1766 arripui,
238 1701 313 1762 quae
334 1686 489 1749 subsicivis
513 1689 620 1767 operis,
643 1697 675 1748 ut
694 1688 784 1761 aiunt,
805 1689 860 1750 iste
882 1709 898 1750 a
920 1707 1024 1768 puero,
1046 1708 1164 1752 summo

86 1773 209 1844 studio,
239 1772 364 1833 summis
389 1771 570 1834 doctoribus.
613 1773 691 1834 Nihil
713 1773 806 1833 dicam
828 1775 865 1834 de
883 1773 1019 1852 ingenio,
1043 1775 1091 1834 cui
1112 1793 1166 1853 par

85 1875 179 1919 nemo
203 1855 268 1916 tuit
308 1856 422 1918 Etenim
447 1859 663 1920 me'dioentem
685 1859 736 1938 qui
758 1859 890 1933 audierit,
911 1877 999 1920 nemo
1023 1877 1165 1937 umquam

84 1954 146 2006 mm
177 1941 226 2003 sui
256 1940 420 2022 despiciens
451 1944 507 2005 fuit
535 1945 608 2023 quin
638 1952 769 2023 speraret
790 1954 840 2006 aut
861 1941 968 2006 melius
990 1954 1041 2005 aut
1059 1945 1164 2006 eodem
1235 2015 1237 2020 ,
1329 1933 1342 2028 J
1361 1913 1375 2036 ,ὦ

158 2149 288 2197 eietenern:
306 2146 446 2198 miinnliehe
465 2143 550 2210 Kraft,
568 2145 713 2210 Ausdcuer3
737 2151 853 2198 iudicium
871 2151 949 2200 animi
965 2153 1023 2199 mei:
1041 2147 1164 2198 Heraens-

85 2215 217 2278 meinung,
236 2212 345 2278 innigstc
362 2214 567 2281 Ueheracugung,
588 2216 694 2281 65164,
716 2218 779 2269 26οε
798 2220 839 2266 Ee
857 2221 895 2268 tui
912 2221 990 2268 animi
1005 2221 1128 2268 sannatia.

158 2287 279 2334 mininam
303 2288 433 2346 sapientiae
459 2289 552 2337 uadem
580 2291 693 2350 consequi
711 2303 783 2348 pesse
803 2292 861 2350 cot,
892 2285 941 2336 wie
967 2287 1032 2337 such
1060 2284 1164 2337 Crassus
1228 2267 1252 2346 *¹
1319 2327 1323 2346 ,
1355 2293 1356 2296 ’

86 2351 245 2404 wiederholt
262 2351 360 2402 erklhrt
379 2355 432 2416 hat,
447 2367 470 2406 s.
487 2353 553 2405 Einl.
572 2354 631 2406 Not.
648 2357 705 2407 139.

158 2423 278 2487 quidnam
296 2426 374 2474 estid
390 2429 455 2477 cct.:
473 2437 527 2474 was
545 2423 635 2474 moiust
649 2423 681 2472 du
699 2423 762 2472 deun
782 2423 867 2487 demit,
885 2423 943 2474 dass
956 2426 1007 2474 -t
1025 2427 1164 2487 impulisset,

86 2508 107 2544 s,
123 2507 147 2544 z.
169 2491 195 2551 8,
217 2490 263 2540 33:
281 2495 453 2552 reperirentur.

157 2575 250 2609 maren
264 2575 354 2625 perere,
371 2559 421 2610 wie
439 2559 457 2611 1.
476 2563 518 2623 23,
542 2564 589 2614 105
610 2559 720 2611 Sciivola
739 2560 894 2611 successus
914 2561 1020 2627 sprieht:
1040 2563 1165 2613 Gerendus

87 2639 123 2682 est
140 2631 189 2680 tite·
204 2645 255 2678 mos
271 2631 467 2691 aduuumee'tus,
487 2634 577 2682 crasse.

161 2699 280 2748 Adimere
299 2714 391 2749 manna
407 2702 576 2749 recusationem
593 2701 666 2760 colai,
685 2697 739 2761 vgl.
758 2699 801 2760 29,
824 2699 880 2751 128.

160 2767 221 2818 364.
247 2770 395 2827 pudentius:
424 2783 455 2816 zu
477 2767 627 2817 schlichtorn
649 2767 688 2817 od.
707 2765 870 2832 bescheidcn,
894 2765 996 2816 iihnlich
1013 2765 1061 2815 wic
1085 2764 1102 2815 Ι.
1122 2767 1165 2829 26,

91 2836 157 2887 120:
171 2837 287 2896 6666166616
293 2852 304 2894 ,·
319 2836 489 2898 fastidiosius:
508 2852 539 2885 zu
557 2835 631 2898 stolz,
651 2841 731 2886 etwas
749 2833 912 2884 verschieden
930 2849 979 2883 von
999 2832 1019 2887 1,
1036 2836 1077 2898 26,
1101 2837 1165 2887 118:

89 2919 166 2970 quam
177 2919 258 2964 prope
268 2904 587 2970 [6666111666166111611661ι)
606 2908 748 2956 iudicasses.
776 2902 815 2953 Zu
834 2904 878 2954 der
893 2902 1008 2966 Stellung
1026 2917 1076 2951 von
1089 2909 1165 2965 paula

90 2972 143 3038 vgl.
162 2987 188 3024 z.
209 2974 250 3036 tt,
270 2973 336 3024 288:
354 2976 469 3024 6616616-
485 2978 566 3025 multa.

160 3042 339 3105 Quadrunnic,
372 3041 418 3091 mit
448 3041 629 3093 obsichtlicher
655 3039 852 3106 Ueherlreihung
874 3045 941 3091 statt
965 3044 1087 3104 trienni05
1114 3042 1166 3108 vgl.

91 3107 159 3160 11161.
178 3124 204 3174 p.
220 3107 282 3159 Xlll
299 3125 323 3159 u.
340 3109 414 3160 XIX.

162 3180 229 3238 Quae
245 3194 287 3242 epo
305 3186 424 3230 6666661.
459 3179 505 3230 Dic
526 3178 710 3243 Widerlogung
727 3177 792 3228 wird
809 3178 872 3244 hier,
891 3178 940 3228 wis
959 3176 1005 3241 oft,
1026 3179 1103 3228 durch
1121 3179 1165 3228 das

89 3248 174 3299 blosse
195 3245 279 3296 llelst.
301 3247 461 3312 eingeleitet3
485 3247 538 3312 vgl.
559 3263 582 3312 p.
600 3247 654 3298 Mil.
674 3250 713 3309 16,
733 3249 778 3300 43:
806 3251 839 3298 In
857 3257 913 3299 utre
930 3251 1008 3312 uitur
1025 3249 1082 3298 haee
1095 3249 1166 3310 suit?

89 3323 117 3368 in
133 3319 245 3369 Milone?
262 3320 307 3380 qui
322 3320 395 3368 ettam
411 3333 477 3368 nune
493 3333 549 3368 reus
568 3325 602 3366 est
614 3317 681 3380 sacti
696 3326 739 3367 aut
751 3320 877 3378 praeclari
889 3325 933 3367 aut
946 3327 1008 3368 certe
1020 3319 1151 3366 necessarii
1156 3333 1165 3375 ,·

89 3404 122 3439 en
139 3390 167 3438 in
186 3387 289 3436 01661661
307 3390 403 3450 quiite
422 3390 513 3437 iudana
523 3401 673 3450 posumus
689 3393 869 3448 contempserat,
886 3395 915 3437 ut
935 3392 984 3438 eet.

158 3454 212 3504 Ans
232 3457 346 3520 adspui,
364 3454 473 3506 welches
491 3456 547 3504 dem
564 3453 628 3506 nuc.
649 3459 739 3505 aarum
755 3453 906 3521 entspricht,
924 3453 1009 3504 istim
1027 3450 1165 3515 Hauptsatz

89 3524 131 3574 616
149 3523 256 3574 anderes
272 3521 381 3574 Verbum
394 3540 426 3574 zu
440 3524 573 3588 ergiinzon.
607 3522 644 3572 Zu
662 3522 784 3573 beschten
796 3523 831 3572 ist
848 3523 887 3573 die
902 3537 997 3587 566666
1009 3518 1164 3584 Responsion

90 3594 117 3643 in
135 3592 190 3644 dom
211 3588 374 3656 Gegcnsatac.

158 3665 285 3712 6666666666
312 3665 404 3723 musa:
436 3661 514 3710 durch
536 3659 753 3725 Nobenarhciten,
784 3659 881 3709 welche
905 3659 950 3709 der
973 3652 1164 3721 Hauptauigabe

91 3730 311 3794 gewissermssscn
334 3736 455 3794 entzogcu
471 3731 626 3792 (subsecare)
644 3728 714 3794 siad3
744 3744 771 3778 so
790 3729 855 3778 such
872 3737 978 3790 tempera
997 3728 1115 3777 6666616166
1135 3727 1165 3776 de

90 3800 140 3863 leg.
159 3798 179 3852 l.
198 3799 221 3862 3,
240 3801 271 3864 93
290 3802 315 3861 4,
336 3801 375 3851 13.
410 3797 546 3861 Uehrigsns
562 3797 597 3848 ist
614 3796 654 3848 dis
672 3797 788 3861 Stellung
805 3811 854 3846 von
874 3799 987 3847 etaient
1003 3794 1166 3846 homericens-

92 3867 190 3931 wcrth,
216 3867 326 3918 welches
344 3874 415 3918 const
431 3866 590 3933 gewiihnlich
608 3866 634 3916 in
651 3866 691 3916 die
712 3864 935 3932 spriichwdrtlichc
953 3863 1092 3915 Redeasert
1110 3863 1169 3915 ein-'

91 3935 232 4001 geschobcn
249 3934 321 3987 wird.
351 3935 433 3987 Uchcr
450 3940 548 3988 sunonis
566 3939 701 3987 donandus
719 3935 769 3999 vgl.
782 3949 803 3985 z.
820 3937 841 3996 1,
860 3935 890 3985 2:
911 3937 1042 3986 domestecis
1059 3937 1165 3997 testibus,

91 4003 154 4059 iiber
170 4008 212 4056 eui
223 4021 275 4067 par
293 3999 429 4069 eumfacit
448 4019 481 4054 zu
500 4007 522 4065 1,
542 4007 570 4058 4:
591 4007 689 4055 (1666616
706 4004 834 4067 anteferre.
