2826 4520
190 367 192 374 ,
382 323 424 376 ΠΕ
445 321 607 386 outrouu,
626 323 668 374 lib.
684 322 702 374 Ι.
723 338 776 389 cap.
790 325 830 376 20.
851 325 988 386 §se-91.
1178 324 1220 388 59

141 499 177 541 se
210 497 318 557 negare
347 478 576 540 Demosthenem
613 498 761 542 summam
794 478 981 557 prudentiam
1012 497 1219 558 summamque

35 571 41 582 ¹
140 565 205 625 vim
228 563 367 624 habuisse
390 563 514 639 dicendi,
538 565 590 625 sed
613 564 674 624 sive
695 565 741 625 ille
764 564 822 624 hoc
842 564 961 642 iugenio
983 564 1127 642 potuisset
1148 565 1218 636 sive,

140 650 174 710 id
197 649 279 728 quod
302 656 464 722 constaret,
496 649 625 710 Platonis
655 650 806 711 studiosus
835 647 974 710 audiendi
1003 649 1122 720 suisset,
1156 666 1218 710 nou
1250 663 1252 668 ’

142 734 216 812 quid
244 734 292 795 ille
321 735 479 811 potuisset,
509 735 559 794 sed
583 734 654 812 quid
680 733 728 795 isti
759 735 899 796 docerent
920 752 984 794 esse
1007 734 1218 813 quaerendum.

140 821 237 896 Saepe
268 818 355 878 etiam
383 820 416 884 iu
445 837 509 879 eam
536 827 649 898 partem
681 819 829 881 ferebatur
858 819 1006 890 oratioue,
1039 827 1073 880 ut
1094 819 1218 879 omnino
1233 832 1274 884 90.

145 904 312 982 disputaret
333 904 443 964 nullam
465 912 558 964 artem
580 922 644 964 esse
667 903 800 978 dicendi;
832 904 922 982 idque
944 923 1013 964 oum
1038 903 1219 982 argumentis

144 989 296 1061 docuerat,
309 1051 313 1058 ,
327 988 408 1066 qood
430 989 468 1049 ita
490 989 549 1049 nati
571 1007 720 1061 essemus,
752 998 784 1050 ut
806 998 834 1050 et
855 987 980 1049 blandiri
1005 988 1047 1050 eis
1068 989 1220 1061 subtiliter,

145 1093 163 1134 a
185 1073 293 1151 quibus
314 1082 391 1134 esset
412 1073 583 1152 petendum,
605 1083 634 1134 et
649 1075 833 1134 adversarios
844 1074 995 1135 minaciter
1015 1083 1125 1134 terrere
1139 1087 1219 1152 ‘pos-

78 1170 82 1176 '
143 1177 247 1219 semus
276 1167 306 1219 et
333 1175 398 1218 rem
425 1166 535 1237 gestam
566 1176 714 1240 exponere
743 1158 842 1234 olid,
878 1159 957 1236 quod
989 1159 1219 1230 intenderemus,

143 1244 323 1304 confirmare
343 1252 379 1315 et,
409 1243 489 1321 quod
513 1251 613 1304 contra
635 1243 798 1316 diceretur,
820 1245 969 1320 refellere,
993 1244 1029 1303 ad
1055 1253 1219 1315 extremum

142 1329 297 1407 deprecari
318 1328 427 1407 aliquid
450 1337 478 1390 et
501 1328 653 1409 conqueri,
675 1329 782 1408 quibus
795 1329 827 1388 in
842 1329 931 1389 rebus
947 1328 1045 1390 omnis
1067 1336 1220 1389 oratorum

144 1421 316 1474 versaretur
338 1413 475 1488 facultas,
509 1423 538 1474 et
560 1413 639 1492 quod
663 1414 848 1475 consuetodo
872 1414 1099 1492 exercitatioque
1122 1423 1151 1475 et
1170 1414 1220 1474 in-

142 1497 300 1577 tellegendi
330 1497 517 1575 prudentiam
547 1507 665 1559 acueret
691 1507 720 1560 et
748 1499 904 1577 eloquendi
937 1499 1111 1560 celeritatem
1143 1499 1220 1560 inci·

143 1593 235 1656 taret,
269 1590 334 1643 tum
357 1583 443 1644 etiam
466 1584 670 1661 exemplorum
692 1584 775 1662 copia
797 1583 951 1645 nitebatur.
994 1585 1068 1644 Nam
1091 1583 1220 1662 primum
1235 1597 1276 1648 91.

143 1668 230 1746 quasi
260 1667 356 1729 dedita
389 1685 478 1746 opera
514 1667 664 1728 neuriuem
695 1669 869 1747 scriptorem
897 1669 966 1729 artis
995 1686 1034 1728 ne
1063 1669 1221 1729 mediocri-

143 1763 192 1814 ter
222 1752 344 1830 quidem
374 1752 517 1812 disertum
540 1752 632 1814 luisse
660 1753 789 1825 dicebat,
822 1770 891 1812 cum
914 1761 1059 1831 repeteret
1084 1771 1221 1832 usquee

144 1838 258 1898 Corace
272 1837 373 1898 nescio
396 1855 456 1915 quo
471 1846 500 1898 et
513 1837 599 1910 Tisia,
622 1856 698 1916 quos
721 1839 790 1899 artis
810 1837 887 1898 illius
909 1837 1077 1898 inventores
1093 1847 1122 1899 et
1135 1837 1220 1916 prin-

217 2017 270 2080 20.
291 2024 332 2074 89.
370 2038 533 2087 summamque
556 2025 605 2073 ohe
625 2026 726 2074 dicendi
768 2020 849 2074 Ueber
865 2021 906 2072 die
926 2021 1089 2086 lledegewult
1107 2021 1150 2072 dos
1169 2022 1220 2072 lla-

142 2091 289 2142 mosthenos
301 2091 348 2140 hat
358 2089 494 2157 Dionysius
506 2106 555 2140 von
570 2091 730 2142 Halicarnaso
748 2090 789 2142 ein
800 2091 950 2142 besondcres
962 2091 1029 2140 Buch
1043 2089 1221 2153 goschriebon:

144 2162 219 2232 Περὶ
239 2160 289 2224 τῆς
307 2160 429 2226 λεκτικῆς
448 2163 650 2231 Δημοσθένους
669 2153 835 2226 δεινότητος.

216 2231 245 2278 td
266 2231 333 2292 quod
350 2237 474 2280 constaret.
512 2227 549 2278 0b
568 2229 745 2278 Demosthenes
757 2226 876 2279 wirklioh
894 2228 940 2277 den
952 2225 1025 2277 Pluto
1040 2227 1129 2289 gohdrt
1147 2226 1220 2289 habe,

144 2297 182 2346 ist
207 2297 277 2346 nicht
299 2295 499 2358 anaweilelhalt‚
527 2297 640 2360 obgleich
664 2297 717 2347 dies
736 2295 787 2346 Cic.
810 2298 875 2347 auch
899 2295 1056 2345 anderwlirts
1076 2293 1220 2362 behauptet,

146 2381 172 2415 z.
191 2366 217 2414 B.
234 2365 305 2415 Brut.
324 2367 365 2426 31,
387 2368 449 2430 1213
473 2380 508 2416 or.
528 2369 552 2426 4,
581 2369 616 2417 15.

216 2437 313 2484 omnim
330 2437 430 2498 nullam,
448 2449 468 2483 s.
486 2449 508 2483 z.
528 2436 567 2496 13,
587 2436 633 2486 56:
650 2436 716 2483 nihil
733 2437 839 2486 omniuo.

218 2504 260 2554 90.
286 2517 339 2551 eum
357 2527 390 2538 -
410 2505 535 2564 docuerat,
563 2503 608 2552 der
627 2499 688 2563 lod,
713 2517 754 2552 um
771 2501 812 2552 die
830 2501 1029 2564 Wiederholong
1047 2499 1073 2550 iu
1093 2499 1137 2550 der
1155 2499 1222 2553 Ver·

147 2569 303 2636 gangeuhcit
320 2586 352 2619 zu
375 2569 533 2620 bezeichnen.

217 2641 326 2689 blandiri
341 2644 389 2688 cet.
415 2638 470 2702 gibt
495 2639 535 2688 die
554 2636 802 2702 hauptsiichlichsten
818 2634 907 2686 Thoile
921 2635 995 2700 jeder
1014 2636 1082 2688 llede
1100 2652 1147 2687 an:
1178 2638 1222 2687 das

143 2710 280 2769 exoratum,
298 2706 339 2756 die
358 2711 478 2769 stmulo,
492 2709 611 2769 probatio,
631 2707 748 2771 refutatio
766 2705 815 2756 und
834 2709 960 2769 melanio,
979 2705 1031 2769 vgl.
1050 2707 1092 2769 31,
1114 2706 1169 2758 143.

217 2778 286 2840 qood
300 2777 482 2840 elemosimarum,
501 2774 552 2839 vgl.
571 2791 592 2824 z.
615 2775 653 2836 12,
673 2777 719 2826 50:
736 2777 804 2838 quod
819 2777 887 2824 colet.

217 2849 251 2896 ad
271 2853 401 2895 οοινοοοοοοο
417 2865 452 2886 =
469 2854 573 2895 extrema
590 2847 705 2908 oratum,
723 2841 774 2906 vgl.
794 2844 835 2904 31,
858 2843 913 2894 14³.

217 2916 343 2977 eloquendi
367 2916 507 2963 οοῑονοῐοεοοι
535 2915 657 2963 inauret:
693 2912 738 2960 der
765 2908 968 2973 lledelortigkeit
990 2908 1062 2959 einen
1088 2909 1222 2959 rascheran

146 2982 275 3044 Sohwung
293 2981 421 3043 verliehe,
439 2980 488 3031 wie
511 2982 637 3041 33‚149:
669 2983 764 3044 linquae
786 2983 926 3031 medeam
942 2980 1052 3029 incitam.
1093 2976 1145 3027 Cic.
1162 2992 1224 3027 var-

145 3050 235 3100 hindet
253 3047 291 3099 olt
308 3048 394 3100 Verba
414 3049 461 3098 mit
478 3048 601 3112 (lhjeoten
619 3062 773 3114 synonymar
793 3048 945 3111 Badoutung.

217 3120 259 3171 91.
296 3122 414 3169 neminem
436 3121 589 3180 scriptorem,
618 3116 669 3180 vgl.
690 3119 756 3179 z.4,
777 3119 822 3182 143
850 3113 1224 3179 hotmannessun:
1285 3122 1291 3128 '

147 3191 268 3238 nminem
284 3195 410 3237 oratorem.
1287 3209 1290 3213 ·

219 3259 349 3317 ductum,
377 3270 427 3304 von
444 3257 560 3306 diomero
577 3252 727 3317 obgeleitet,
755 3252 806 3317 vgl.
828 3254 869 3315 56,
892 3254 956 3317 240,
975 3250 1224 3315 theaeiohneteineu

150 3323 300 3387 peringeron
321 3321 390 3374 Grad
408 3323 446 3372 als
464 3327 582 3387 eloquens,
601 3337 621 3372 s.
640 3323 682 3383 21,
703 3323 744 3374 94.
940 3356 945 3367 ·
1031 3351 1038 3361 ·

218 3391 303 3442 Corax
320 3391 370 3442 und
387 3390 479 3456 Tisios,
505 3390 577 3441 heide
596 3405 641 3440 aus
660 3389 771 3454 Sicilien,
797 3395 882 3439 treton
907 3395 993 3439 zuerst
1010 3389 1048 3438 ols
1064 3387 1160 3438 Ichrer
1178 3386 1224 3436 der

148 3459 336 3511 Beredsamkeit
355 3475 387 3510 zu
406 3458 517 3525 Syr-eous
536 3455 587 3509 aul.
622 3457 892 3522 vgl.urut.12,45:
921 3458 1008 3521 Reque
1025 3460 1059 3508 ait
1072 3457 1222 3516 Aristoteles,

147 3543 203 3580 oum
220 3532 322 3580 mellatio
340 3532 366 3579 in
386 3529 471 3578 stetu
489 3531 604 3591 tyrannis
621 3544 661 3577 rer
673 3531 785 3588 promae
803 3530 873 3590 lonpo
893 3529 1019 3576 οόοιονοοὶὶο
1040 3527 1136 3575 induite
1153 3539 1224 3585 repe-

147 3607 273 3660 tumtur,
301 3606 351 3648 tum
372 3600 498 3659 primum,
525 3599 592 3660 quod
617 3606 675 3646 οοοοε
697 3604 767 3646 aerata
789 3599 906 3659 diepam
923 3603 945 3645 ot
963 3595 1138 3645 metrmmbe
1156 3600 1223 3656 nata,

145 3675 223 3716 artem
249 3675 271 3717 et
290 3673 418 3728 praeopta
444 3667 537 3716 duoles
559 3667 668 3715 θονοοοοο
684 3674 706 3714 οι
729 3667 821 3714 ehem
846 3665 1026 3724 οοοοοονοὶοοίοοος
1055 3658 1140 3724 Quint.
1164 3659 1223 3709 inst.

147 3747 184 3783 or.
203 3732 244 3784 lll.
267 3738 288 3797 l,
307 3735 335 3786 82
367 3735 469 3785 Artium
486 3743 564 3784 mm
580 3735 709 3794 scriptores
726 3734 890 3796 oote'qut'saime'
907 3733 986 3780 corae
1003 3737 1025 3780 et
1041 3731 1120 3780 mter
1138 3730 1224 3793 ulmo,

144 3819 207 3867 quoa
222 3806 343 3853 inmotae
360 3805 446 3853 estot‘r
462 3806 565 3853 eiusdem
594 3804 688 3851 ἱοοοοοῑοο
708 3803 813 3866 (lorum
832 3801 979 3860 Leontinos,
1006 3799 1169 3860 Empedoclis,
1197 3805 1226 3847 ut

145 3873 264 3933 traditur,
282 3874 423 3933 da'eoa'pmlus.

216 3942 294 3990 meo
319 3955 374 4004 quo,
401 3939 465 3988 deon
483 3935 607 3987 Antonius
628 3935 716 3986 wollto
734 3935 789 3986 sich
806 3935 852 3985 deo
872 3933 962 3984 Schaio
981 3932 1077 3998 gehen,
1105 3932 1143 3982 als
1161 3931 1226 3982 habe

145 4020 177 4058 er
198 4022 247 4072 gar
264 4006 337 4057 hcine
359 4003 619 4068 wissenschaltlichen
636 4003 740 4055 Studien
751 4005 890 4069 'gemacht3
909 4003 962 4066 vgl.
981 4001 1011 4052 ll.
1034 4004 1057 4068 1,
1076 4005 1102 4057 4.
