2760 4520
198 325 258 390 186
401 323 444 375 116
464 323 628 388 0111601111,
654 323 699 377 lib.
716 321 748 377 ll.
766 339 820 390 cap.
836 325 879 378 96.
898 325 913 387 6
931 324 989 377 365.
1010 323 1067 376 366.

199 480 288 541 modo
318 499 350 541 sc
380 498 468 559 posse
496 479 610 540 dicere:
645 479 750 540 Crasso
781 479 896 540 dicente
927 497 1016 539 nemo
1045 487 1101 540 tarn
1130 495 1280 558 arrogans

93 621 100 642 ,
199 566 250 644 qui
282 565 416 627 simihter
444 584 475 626 se
504 582 647 643 umquam
678 565 827 626 dicturum
856 564 1113 626 3333333613333.
1157 564 1276 636 Quam-

200 650 303 712 obrem
324 669 362 712 ne
384 654 493 712 frustra
513 649 544 710 hi
566 650 636 711 tales
659 650 714 710 viri
738 651 887 723 vonerint,
909 659 938 711 te
960 649 1135 727 aliquando,
1159 648 1279 720 Crasse,

201 737 366 798 audiamus.

67 825 185 888 90.365.
286 823 363 882 Tum
385 819 448 881 ille:
470 819 508 882 Ut
527 819 568 881 ita
589 820 644 882 ista
658 839 723 880 esse
738 818 907 891 concedam,
928 818 1034 897 inquit,
1056 818 1176 892 Antoni,
1200 837 1281 898 quae

200 916 269 968 sunt
295 907 384 987 longe
414 923 516 981 33333,
551 905 621 983 quid
652 905 724 966 mibi
751 915 782 967 tu
811 904 930 966 tandem
952 903 1041 964 hodic
1063 914 1114 966 aut
1136 905 1280 1003 cuiquam

199 992 313 1054 homini
335 992 414 1071 quod
439 990 495 1051 dici
517 991 612 1070 possit
633 987 799 1088 reliquisti?
827 989 927 1052 11133333
951 989 1030 1050 enim
1051 1009 1132 1066 vere,
1156 990 1281 1052 amicis·
1377 1063 1378 1068 γ

199 1079 267 1138 simi
288 1078 442 1148 homines,
464 1075 545 1155 quod
568 1076 679 1137 sentio:
715 1094 803 1155 saepe
824 1093 877 1154 ego
901 1076 1004 1136 doctos
1026 1074 1180 1155 homines,
1202 1075 1280 1172 quid

200 1163 266 1224 dico
288 1159 429 1242 saepe?
421 1179 514 1222 nmmo
538 1179 599 1223 non
619 1179 801 1239 numquam
823 1178 910 1239 saepe
932 1159 1011 1221 enim
1033 1161 1085 1239 qui
1107 1161 1201 1240 potui,
1227 1161 1281 1240 qm
1377 1193 1378 1204 ,

199 1267 274 1328 puer
301 1248 333 1309 in
365 1251 465 1308 lorum
495 1247 627 1308 venerim
656 1264 755 1325 neque
782 1247 852 1307 inde
881 1263 1024 1324 umquam
1052 1245 1163 1307 diutius
1185 1264 1281 1325 quam

200 1341 339 1412 quaestor
369 1328 519 1394 afuerim?
554 1332 612 1393 Sed
639 1341 738 1393 tamen
765 1331 880 1404 audivi,
912 1339 944 1392 ut
972 1330 1037 1391 13331
1066 1331 1220 1405 dicebam,
1252 1341 1282 1392 et

200 1418 322 1478 Athenis
342 1436 412 1478 cum
435 1435 540 1491 essem,
561 1415 747 1480 doctissimos
769 1418 848 1478 viros
871 1416 952 1478 etin
972 1415 1043 1479 Asia
1062 1416 1155 1478 istum
1176 1417 1281 1496 ipsum

200 1503 354 1582 Scepsium
383 1501 605 1576 Metrodorum,
636 1521 705 1563 cum
739 1503 775 1563 de
810 1502 855 1563 his
884 1501 956 1581 ipsis
984 1500 1074 1562 rebus
1104 1502 1281 1582 disputaret.

201 1589 304 1666 Neque
327 1607 396 1650 vero
420 1587 492 1648 mibi
514 1588 673 1667 quisquam
695 1589 846 1666 copiosius
862 1604 1005 1666 umquam
1022 1587 1104 1648 visus
1120 1595 1165 1648 est
1179 1605 1282 1667 neque

201 1673 337 1734 subtihus
359 1673 390 1734 in
410 1674 469 1735 hoc
491 1691 599 1751 genere
620 1673 736 1735 dicendi
757 1692 847 1753 quarn
869 1672 923 1733 1333
945 1671 1033 1732 hodic
1053 1691 1119 1733 esse
1135 1682 1281 1735 versatus.

202 1755 288 1832 Quod
311 1758 337 1819 si
358 1768 434 1821 33333
455 1759 538 1820 311333
560 1767 588 1819 33
606 1759 715 1837 abquid
731 1759 928 1838 intellegerem
945 1757 980 1831 ab
996 1757 1127 1819 Antonio
1144 1767 1282 1838 praeter-

203 1844 343 1918 missum,
363 1863 426 1905 non
449 1861 545 1905 essem
567 1852 627 1906 tarn
648 1843 813 1905 inurbanus
836 1852 864 1904 et
885 1860 980 1922 paene
1000 1842 1203 1920 inhumanus,
1237 1845 1283 1906 3331
1378 1859 1379 1896 t

130 1936 187 1987 366.
200 1931 231 1990 in
255 1948 289 1990 eo
313 1948 467 2008 gravarer,
497 1929 576 2007 quod
607 1947 659 1989 vos
689 1947 797 2008 cupere
820 1929 968 1990 sentirem.
1012 1927 1091 1989 Tum
1114 1929 1283 2008 Sulpicius:

201 2017 247 2075 hn
270 2033 356 2095 ergo,
385 2016 498 2094 inquit,
530 2013 636 2075 oblitus
664 2033 710 2091 33,
741 2015 861 2088 Crasse,
890 2012 1054 2074 Antonium
1074 2013 1115 2075 ita
1137 2014 1283 2093 partitum

202 2119 265 2162 esse
288 2108 395 2174 tecum,
418 2109 451 2161 ut
471 2100 536 2178 ipse
557 2099 789 2161 instrumentum
812 2098 936 2160 oratoris
952 2108 1123 2177 exponeret,
1146 2100 1198 2161 tibi
1214 2101 1284 2162 eius

202 2186 420 2247 distinctionem
441 2193 528 2265 atque
549 2192 687 2246 ornatum
709 2180 911 2264 relinqueret?
948 2183 1004 2245 llic
1032 2183 1096 2245 ille:
1132 2184 1284 2258 Primum,

202 2271 268 2350 quis
288 2271 419 2332 Antonio
441 2270 590 2351 permisit,
618 2269 731 2350 inquit,
762 2279 795 2331 ut
824 2278 853 2332 ct
878 2269 970 2348 partis
999 2271 1109 2331 laceret
1131 2279 1160 2332 33
1181 2279 1284 2333 utram

203 2357 288 2418 vehet
308 2357 391 2436 prior
412 2357 476 2435 ipse
498 2352 653 2418 sumeret?
674 2355 796 2428 Deinde,
820 2373 874 2436 ego
896 2355 922 2416 si
943 2362 1022 2416 recte
1043 2354 1183 2430 intellexi,
1206 2375 1282 2418 cum

203 2441 286 2502 valde
314 2440 439 2502 libenter
465 2441 615 2517 audirem,
650 2441 722 2501 mihi
744 2441 900 2501 coniuncte
922 2448 967 2501 333
989 2439 1071 2501 visus
1093 2441 1131 2502 dc
1154 2450 1286 2541 utraque

203 2545 236 2587 33
258 2527 364 2587 3113333.
407 2527 458 2588 1113
480 2545 566 2600 vero,
594 2526 691 2603 inquit
713 2525 812 2600 Cotta,
843 2534 1017 2587 ornamenta
1046 2521 1190 2589 orationis
1213 2545 1281 2590 non

203 2612 294 2691 attigit
322 2630 418 2691 neque
447 2630 512 2673 eam
540 2612 675 2685 laudem,
708 2630 744 2672 33
775 2629 833 2690 qua
855 2611 1021 2690 eloquentia
1043 2629 1157 2674 nomen
1177 2613 1285 2692 ipsum

205 2749 413 2756 ——-.——-—-·—-—

272 2810 325 2873 90.
351 2816 409 2867 365.
435 2817 498 2880 quid
506 2815 746 2878 mibi-reliquisti,
761 2813 813 2878 vgl.
829 2830 851 2866 z.
862 2817 904 2879 40,
921 2815 983 2869 1683
996 2815 1287 2879 quanm-dotem?

274 2886 341 2947 quod
354 2887 438 2947 contio,
459 2883 508 2934 wic
528 2886 552 2946 7,
572 2885 617 2934 29:
638 2886 699 2946 quid
715 2885 822 2934 33331333.

271 2956 317 3014 qui
327 2969 392 3013 puer
410 2956 437 3002 iu
450 2954 537 3015 sorum
555 2955 673 3014 33333133,
693 2951 743 3014 vgl.
761 2949 781 3002 l.
802 2954 841 3013 11,
861 2954 908 3004 78:
942 2955 991 3004 Hic
1011 2955 1125 3016 0333333,
1151 2954 1285 3018 Muneuto,

204 3023 299 3083 iuquit,
326 3037 362 3070 mc
380 3024 557 3086 3333133333,
581 3024 623 3071 3331
644 3024 673 3071 dc
690 3023 793 3071 33333313
804 3021 926 3084 facultate
942 3024 1038 3074 dicimo.
1074 3020 1140 3077 Quid
1155 3024 1220 3072 33133
1240 3040 1287 3074 nos

205 3096 247 3137 out
265 3090 392 3140 didicimus
406 3098 450 3140 aut
463 3094 525 3141 33133
537 3093 669 3154 potuimus,
690 3092 735 3153 qui
747 3097 802 3139 autc
816 3093 851 3140 ad
860 3091 985 3155 33333333,
1007 3106 1080 3154 quum
1092 3093 1127 3140 331
1137 3107 1288 3156 3333333333·

205 3159 263 3206 dum
278 3159 402 3218 omimuc5
418 3173 478 3222 quos
494 3163 522 3210 iu
534 3159 604 3221 soro,
621 3175 681 3222 quoa
698 3161 725 3207 iu
737 3160 870 3222 ambitibus,
889 3175 949 3224 quoa
965 3163 993 3210 iu
1009 3176 1038 3210 ro
1049 3161 1160 3222 publica,
1179 3175 1243 3223 quoe
1259 3164 1289 3212 in

204 3228 337 3276 umt'corum
358 3229 459 3291 nopotiic
477 3243 516 3277 res
535 3231 588 3289 ipm
608 3228 795 3292 antemusium,
821 3243 893 3291 quum
913 3243 1037 3290 3333333333
1052 3231 1149 3292 ulo'quid
1164 3232 1193 3278 do
1209 3233 1289 3282 336333

206 3298 281 3346 tontis
299 3297 437 3356 suspicari?

273 3366 340 3413 lteri:
360 3361 379 3413 l.
400 3364 439 3425 11,
457 3364 506 3425 453
530 3361 582 3425 vgl.
601 3362 666 3442 oben
682 3365 724 3425 88,
744 3365 802 3416 360.
1023 3431 1029 3443 .

205 3449 302 3551 3336
324 3428 1290 3584 333333·,1161113333,11111116131363

275 3571 334 3622 366.
366 3574 401 3622 333
413 3573 534 3633 portuum
553 3585 613 3621 33333
637 3572 679 3636 28,
703 3571 764 3633 123;
781 3573 975 3632 instrumentum,
994 3569 1103 3620 welches
1122 3570 1215 3621 obonso
1235 3573 1288 3624 uic

205 3649 336 3701 apparatur
359 3638 518 3703 gewbhnlich
539 3637 658 3688 colloctiv
684 3638 823 3702 gebraucht
840 3637 917 3700 wind,
941 3639 1003 3702 geht
1022 3637 1069 3689 aul
1084 3638 1125 3690 dio
1144 3639 1288 3706 stolllicbc,

206 3710 341 3770 dictinctio,
366 3707 406 3758 die
426 3709 593 3771 Ausstattung
615 3707 660 3758 der
677 3705 745 3757 113313
770 3707 848 3758 durch
865 3706 905 3758 dio
923 3711 1018 3760 luminu
1037 3711 1148 3772 du'ocudi,
1177 3706 1226 3758 nni
1245 3709 1288 3760 3113

207 3772 310 3826 formula
327 3775 410 3840 Scit03
428 3785 539 3842 sumeret,
559 3777 608 3826 wie
626 3777 668 3838 24,
692 3777 748 3828 toa.

273 3849 408 3896 coniuncte:
427 3846 491 3895 deun
506 3811 675 3909 gelegentlich
692 3845 738 3893 hat
757 3844 820 3894 auch
837 3842 962 3895 Antonius
983 3841 1070 3910 obers,
1091 3844 1184 3901 wicz.
1197 3845 1226 3898 B.
1244 3850 1287 3910 17,

207 3913 256 3964 312
276 3927 308 3961 an
327 3914 374 3964 den
391 3925 491 3966 oruotua
508 3911 630 3964 erinnert.

275 3998 326 4034 3333
346 3987 446 4047 mommo,
466 3983 539 4034 33331.
559 3981 598 4032 dio
617 3981 724 4032 elocutio.
