2760 4520
276 313 341 374 ,ult
362 314 594 382 onerosum.
613 313 642 369 11.
659 331 711 383 cap.
732 319 773 370 ll.
790 313 807 382 5
827 318 885 370 312.
904 318 977 372 Sida
1103 313 1161 382 161

83 473 325 536 commovendos
346 473 462 534 animos
481 471 662 552 digrediendi
683 473 776 546 locus,
799 473 844 533 vel
858 473 1037 552 argumentis
1053 477 1162 538 nostris
1183 511 1185 516 .

85 559 272 620 confirmatis
295 559 341 620 vel
354 558 509 622 contrariis
524 558 655 619 refutatis
670 558 716 618 vel
730 566 856 636 utroque
869 559 935 620 loco
953 559 998 620 vel
1013 560 1161 636 omnihus,

85 647 113 706 si
140 644 230 706 hahet
248 663 323 706 eam
352 663 440 706 causa
469 644 637 722 dignitatem
666 651 754 722 atque
784 645 912 722 copiam,
945 653 1024 705 recte
1045 645 1074 706 id
1096 647 1161 708 lieri

84 738 201 811 potest;
225 748 334 808 eaeque
357 747 459 804 causae
481 737 553 790 sunt
573 729 609 790 ad
631 729 799 808 augendum
816 738 844 790 et
858 730 894 790 ad
911 730 1079 791 ornandum
1092 751 1160 810 gra-

86 816 228 878 vissimae
250 824 336 894 atque
358 815 554 894 plenissimae,
577 831 651 892 quae
674 815 819 892 plurimos
842 815 936 878 exitus
960 815 1029 876 dant
1044 817 1080 877 ad
1097 819 1159 879 eius

86 902 173 962 modi
195 900 423 980 digressionem,
454 910 487 960 ut
508 900 550 960 cis
572 900 644 960 locis
667 899 709 960 uti
729 900 827 974 liceat,
861 900 968 978 quibus
991 901 1159 964 animorum

86 987 219 1066 impetus
241 1004 356 1058 eorum,
386 985 437 1063 qui
460 985 591 1058 audiunt,
614 992 665 1046 aut
685 985 873 1064 impellantur
895 995 945 1047 aut
965 987 1158 1052 reflectantur.

85 1077 186 1150 Atque
216 1071 302 1132 etiam
323 1072 355 1131 in
376 1071 425 1132 illo
448 1070 633 1150 reprehendo
656 1087 724 1142 eos,
747 1070 813 1150 qui,
836 1090 912 1150 quae
933 1073 1053 1134 minime
1075 1073 1160 1135 firma
1174 1079 1231 1130 313.
1273 1078 1276 1137 l

85 1167 169 1230 sunt,
191 1176 225 1218 ea
246 1156 342 1236 prima
364 1156 516 1221 collocant.
550 1157 584 1218 ln
607 1174 667 1234 quo
689 1156 754 1218 illos
777 1175 898 1236 quoque
912 1176 1011 1218 errare
1025 1159 1159 1234 arbitror,

87 1243 151 1322 qui,
173 1243 199 1303 si
221 1242 341 1321 quando
370 1274 405 1285 -
430 1242 460 1302 id
491 1241 571 1320 quod
595 1241 667 1302 mihi
688 1260 853 1320 numquam
876 1243 1046 1321 placuit-
1068 1247 1160 1326 pluris

86 1327 231 1390 adhibent
251 1335 402 1407 patronos,
427 1335 459 1390 ut
478 1328 510 1388 in
532 1344 652 1407 quoque
671 1345 776 1390 eorum
793 1327 950 1389 minimum
968 1338 1072 1408 putant
1087 1350 1160 1404 esse,

86 1415 127 1474 ita
157 1432 227 1474 eum
257 1412 387 1492 primum
417 1413 520 1473 volunt
547 1413 652 1473 dicere.
695 1413 754 1474 Res
777 1414 856 1474 cuim
878 1414 935 1475 hoc
957 1416 1099 1494 postulat,
1130 1427 1162 1478 ut

85 1517 194 1560 eorum
217 1498 436 1578 exspectationi,
459 1498 510 1576 qui
532 1499 663 1572 audiunt,
686 1515 775 1576 quam
792 1499 943 1560 celerrime
957 1512 1161 1572 succurratur;

87 1703 211 1754 letzteres
224 1748 226 1754 ,
239 1701 300 1751 aber
325 1701 468 1752 ausserdem
494 1702 558 1752 noch
584 1700 623 1752 die
641 1699 899 1766 Zusammcnstcllung
921 1701 985 1752 allos
1008 1703 1094 1754 dassen
1119 1705 1161 1756 be·

86 1773 182 1832 deutet,
199 1785 254 1820 wrm
273 1767 315 1820 fiir
332 1769 372 1820 dio
390 1769 495 1835 Biltluug
515 1770 582 1821 eines
602 1769 713 1821 Urthcils
732 1785 781 1819 von
801 1770 892 1834 Bolang
910 1770 951 1823 ist.

156 1855 209 1889 eam
227 1841 384 1904 dignitatem:
400 1839 455 1889 eine
474 1839 668 1905 entspreehcnde
686 1837 863 1902 Wichtigkcit.

158 1911 193 1958 ad
215 1913 397 1972 aupenalum—
406 1912 575 1972 canusinae,
602 1907 713 1958 dissolbe
733 1907 922 1972 Wortstellung
939 1907 988 1958 wic
1006 1905 1050 1961 Ill.
1069 1911 1093 1973 3,
1113 1911 1159 1962 12:

85 1995 142 2029 cum
159 1982 222 2027 celae
235 1980 303 2042 flore
323 1987 374 2028 tum
391 1981 476 2028 martie
493 1983 716 2040 opportunitatc—
730 1985 753 2028 et
769 1987 882 2028 ornmmn
900 1987 923 2028 ct
940 1980 1093 2042 exstinctum,
1120 1995 1174 2028 wc
1208 2000 1210 2002 ·

88 2043 213 2097 ebenfalls
231 2046 272 2095 dic
291 2046 401 2096 n‘aiheren
415 2045 614 2110 Bestimmungen
629 2045 722 2097 zwaier
735 2044 843 2108 Begrille
863 2045 948 2096 diesen
964 2045 1043 2096 selbst
1060 2047 1085 2096 in
1104 2053 1160 2097 ent-

88 2114 259 2181 sprechendcr
278 2112 443 2179 Rcihcnfolgc
463 2117 632 2178 vcrangchen.
678 2114 735 2178 Vgl.
753 2114 894 2164 ausscrdem
914 2121 980 2181 part.
1000 2130 1036 2168 cr.
1057 2118 1096 2181 15,
1115 2119 1160 2168 52:

85 2186 193 2250 mendi
217 2193 296 2234 autem
320 2193 342 2234 et
362 2186 397 2234 tte
414 2193 448 2234 eet
464 2187 582 2246 proprius
604 2189 668 2236 mone
683 2184 722 2246 (in
735 2185 898 2248 amarando),
925 2187 993 2234 etin
1012 2201 1087 2235 cursu
1108 2189 1159 2247 ipm

88 2256 207 2304 erationis
231 2256 397 2304 declinationes
419 2255 453 2301 cd
474 2257 669 2316 acnplificundum
685 2255 791 2318 dantur,
816 2257 957 2317 confinitate
976 2270 1002 2304 ne
1021 2257 1104 2318 αὶὲᾳαα
1120 2265 1162 2305 aut

88 2321 346 2386 representamus,
365 2321 388 2371 d.
407 2319 466 2371 lrrit.
485 2323 550 2372 Anh.

157 2394 245 2452 cuitus,
263 2388 331 2439 hier:
365 2389 517 2440 Absehliissc
536 2390 596 2440 oder
614 2388 790 2454 lluhepunlrte;
818 2394 852 2440 cie
868 2393 933 2452 loeis,
953 2406 974 2440 s.
994 2405 1017 2442 z.
1036 2393 1078 2455 72,
1098 2393 1160 2444 291:

89 2478 128 2510 cce
140 2464 204 2510 mccc
209 2476 220 2518 ;
232 2462 395 2520 impellantur,
408 2459 495 2525 pr'a'gn.
504 2456 546 2508 fiir
559 2462 697 2521 impellendo
708 2463 847 2522 cantentur,
861 2458 963 2508 dhulielr
972 2459 1021 2509 wie
1034 2458 1052 2510 1.
1062 2461 1103 2523 20,
1115 2463 1162 2513 90:

87 2531 216 2593 eloquendi
230 2531 371 2578 celeritatem
384 2531 485 2578 inmture
494 2549 529 2568 =
542 2531 664 2579 iactanda
677 2529 785 2592 efficerc;
802 2526 832 2579 ll.
844 2530 885 2591 82,
901 2529 951 2581 337
957 2533 968 2578 l
982 2532 1016 2580 aa
1024 2533 1162 2581 animorum

89 2607 168 2649 motus
184 2600 337 2648 concitandas
348 2623 383 2632 -
393 2599 543 2648 reuocandas.

159 2683 219 2734 313¹.
255 2684 282 2730 in
300 2685 354 2743 illa,
379 2681 452 2732 naml.
469 2681 495 2730 in
518 2682 601 2746 Bezug
626 2679 670 2731 aul
692 2680 731 2731 die
748 2684 869 2733 collocatio
886 2686 998 2734 mearunt
1033 2683 1079 2733 Dio
1100 2683 1164 2733 Con·

88 2749 205 2814 juncticn
225 2755 296 2801 etiam
312 2751 403 2814 gohiirt
419 2766 450 2800 zu
467 2753 561 2815 Atque,
581 2749 626 2799 mit
644 2749 764 2800 walchem
785 2765 811 2816 es
830 2751 877 2800 den
892 2749 1041 2819 Uebergaug
1059 2768 1089 2800 zu
1108 2753 1163 2802 dem

92 2819 227 2884 folgenden
245 2817 333 2869 Theile
351 2817 437 2869 bildet.
474 2817 555 2870 Ueber
574 2824 600 2869 in
616 2818 657 2868 bei
675 2821 821 2880 reprehendo
839 2835 860 2871 s.
874 2835 898 2872 z.
917 2822 958 2882 tc,
979 2823 1042 2872 307:
1061 2824 1088 2870 in
1107 2839 1162 2886 quc.

159 2891 189 2940 id
203 2891 272 2952 quod
288 2891 352 2938 malci
366 2905 497 2952 numquam
513 2893 612 2950 placuit.
644 2887 716 2937 Auch
733 2887 759 2936 in
779 2887 880 2951 eigencr
898 2886 992 2938 Person
1010 2889 1091 2938 tadelt
1111 2890 1163 2940 dies

92 2957 181 3007 Cicero
193 2957 264 3008 Brut.
279 2960 321 3018 57,
338 2958 387 3008 207
400 2959 462 3024 (quo
477 2961 541 3008 nitet
556 2968 590 3008 est
607 2957 737 3021 vitiosius),
755 2957 805 3006 und
818 2954 888 3007 liihrt
903 2955 975 3007 dalrir
985 2958 1163 3009 verschiedenc

93 3025 195 3076 Griinde
212 3040 251 3075 an.
287 3023 315 3075 In
333 3025 377 3075 der
394 3024 461 3075 ilat
479 3041 535 3076 war
551 3042 590 3076 arn
610 3025 680 3075 Eudo
698 3026 742 3075 der
759 3023 883 3091 Republik
903 3025 943 3075 dic
961 3023 1026 3076 Zahl
1042 3027 1088 3077 der
1100 3028 1164 3079 Ver-

92 3093 219 3159 theidiger
242 3093 270 3142 in
294 3092 393 3143 einem
415 3093 520 3145 Prczess
547 3093 701 3158 iibermiissig
728 3109 814 3157 grass,
843 3095 894 3159 vgl.
913 3093 1004 3145 Ascon.
1027 3095 1053 3144 in
1076 3096 1163 3147 Scaur.

93 3182 115 3231 p.
129 3165 176 3216 20:
195 3163 355 3226 defenderunt
371 3165 489 3214 Scaurum
507 3181 547 3214 eea
559 3167 669 3228 putrem,
688 3180 740 3214 cum
760 3167 794 3214 ad
810 3167 838 3214 id
855 3174 945 3224 tempus
962 3182 1020 3216 raro
1035 3170 1164 3230 qaisquam

89 3234 204 3296 pluribus
220 3249 293 3296 quum
310 3242 425 3296 quattuor
442 3243 568 3295 uteretur;
584 3243 609 3284 at
623 3243 680 3294 pact
696 3234 756 3282 bellu
773 3237 853 3284 ciuilia
870 3242 924 3284 antc
942 3237 1013 3298 legem
1024 3237 1115 3285 Iuliam
1133 3238 1166 3284 ad

93 3305 213 3352 duodenae
226 3311 345 3362 patronos
363 3310 397 3351 eet
409 3311 557 3362 peruentum.
589 3300 616 3351 P.
630 3299 739 3351 Rutilius
759 3299 837 3351 Rufus
854 3303 925 3352 hatte
943 3304 1007 3352 nach
1019 3302 1036 3354 Ι.
1051 3306 1091 3366 53,
1113 3305 1163 3355 229

94 3385 139 3419 nur
157 3369 223 3419 zwei
240 3368 422 3433 Vertheidigcr.

161 3447 189 3490 ut
205 3443 232 3488 in
245 3455 339 3502 quoque
353 3444 400 3488 cat.
431 3438 489 3501 Vgt
504 3437 524 3492 l.
537 3441 578 3502 27,
597 3440 658 3490 123:
676 3447 704 3488 ut
721 3441 748 3488 in
760 3454 853 3503 quaque
866 3449 959 3490 cratere
968 3443 1103 3500 plurimum
1115 3432 1164 3488 cet.

94 3507 119 3558 S.
137 3507 201 3557 auch
222 3523 242 3556 z.
263 3508 286 3569 1,
306 3510 334 3559 4:
351 3509 402 3570 fuit
418 3511 454 3560 in.

162 3585 329 3637 succurratur,
347 3574 430 3625 wofrir
444 3586 584 3628 occurratur
599 3575 643 3624 das
658 3573 859 3639 gewiihnlichcre
871 3575 950 3638 w'dre,
970 3574 1020 3638 vgl,
1030 3590 1053 3640 p.
1068 3572 1164 3624 Cluent.

96 3647 136 3706 23,
156 3647 201 3696 63:
223 3648 299 3694 multa
315 3649 364 3695 elici
374 3655 478 3707 pceecmt
496 3661 545 3709 qua
562 3661 589 3695 rc
601 3647 737 3696 ituneceree
748 3645 831 3707 suerit
844 3647 958 3707 iudicari,
977 3646 1018 3693 eccl
1030 3660 1070 3708 eac
1085 3660 1165 3694 occar-

95 3711 1166 3845 tlttttdttttt’ttttdtalttlltt'milliolilrlt‘lttdtl

98 3849 168 3898 nicht
190 3849 326 3916 befriedigt
350 3820 396 3912 idi,
421 3851 467 3901 mit
491 3851 571 3902 ciuem
589 3849 690 3915 Mangel
707 3850 821 3918 behaltet
840 3849 890 3898 und
908 3817 1167 3914 der'Unterstiitzung

98 3916 237 3983 bediirltig,
262 3921 312 3969 und
336 3920 403 3971 diosc
423 3918 629 3970 Personilieation
657 3921 700 3984 lag
719 3919 775 3970 hier
802 3918 841 3968 um
865 3933 892 3967 so
912 3918 992 3969 uiiher
1030 3919 1068 3970 als
1086 3938 1167 3972 corum

97 3992 266 4048 exspectationi
279 4011 314 4031 =
330 3994 363 4039 eie
380 3993 567 4052 exspectantibus
584 3989 637 4050 ist}

151 4078 226 4120 cicero
239 4079 264 4121 de
277 4082 367 4123 oratore.
389 4081 420 4124 11.
699 4063 704 4074 ⁴
932 4075 962 4126 11
