2760 4520
292 337 335 390 or
351 336 515 402 omrem,
532 337 576 390 uo.
594 335 624 388 rr.
643 339 747 404 masc
767 336 937 401 aere-221.
1087 332 1148 399 113

88 495 228 558 sermonis
249 527 299 568 -,
326 502 391 556 tum
422 513 492 556 vero
522 494 553 555 in
582 492 640 554 hoc
669 491 759 555 altero
782 491 938 555 dicacitatis
967 489 1039 570 quid
1060 489 1148 552 habet

90 581 208 654 arsinoi,
230 597 298 642 curn
320 587 387 641 ante
407 577 478 641 illud
502 583 592 640 l'acete
614 577 724 640 dictum
743 577 884 640 emissum
900 577 1020 640 haerere
1035 573 1147 651 debeat,
1169 581 1172 588 ’

89 683 176 744 quam
193 665 311 746 cogitari
333 663 465 745 potuisse
487 660 642 726 videatur?
680 663 758 736 Quid
780 663 859 724 enim
881 662 929 723 hic
951 679 1035 724 meus
1057 662 1147 722 irater
1160 675 1220 728 220.

90 751 122 810 ab
143 759 201 814 arte
222 751 352 812 adiuvari
373 750 477 830 potuit,
499 767 568 810 cum
591 768 607 809 a
628 747 764 828 Philippo
786 749 981 828 interrogatus
1005 747 1075 826 quid
1102 747 1145 807 la·

89 845 170 898 traret
191 840 316 898 iurem
338 854 379 897 ae
401 834 535 896 videre
557 830 733 914 respondit?
773 831 847 908 Quid
862 833 893 893 in
910 833 991 894 omni
1014 831 1146 894 oratione

89 921 203 983 Crassus
235 921 281 984 vel
308 920 387 1001 apud
415 921 614 982 centumviros
645 927 746 980 centra
775 918 944 982 Scaevolam
976 918 1022 978 vel
1044 925 1147 978 contra

90 1015 281 1070 accusatorem
302 1005 437 1079 Brutum,
470 1021 616 1084 cumpro
640 1004 692 1070 Cn.
714 1003 822 1066 Planco
845 999 977 1066 diceret?
1010 1003 1084 1064 Nam
1105 1001 1145 1078 ld,

89 1093 161 1170 quod
188 1101 222 1154 tu
251 1091 324 1154 mihi
344 1090 466 1164 tribuis,
495 1089 618 1162 Antoni,
651 1089 756 1151 Crasso
786 1098 831 1154 est
852 1089 986 1152 omnium
1004 1088 1147 1150 sententia

88 1177 312 1240 concedendum.
364 1177 430 1238 Non
460 1176 539 1238 enirn
556 1178 630 1235 ⁴lere
658 1175 816 1254 quisquam
849 1175 1012 1255 reperietur
1032 1185 1147 1255 praeter

88 1262 212 1324 huncio
233 1270 361 1341 utroque
381 1279 487 1342 genere
502 1261 610 1340 leporis
625 1261 779 1338 excellens,
801 1269 830 1322 et
842 1259 901 1333 illo,
923 1259 1004 1338 quod
1024 1261 1055 1321 in
1075 1277 1145 1340 per·
1254 1281 1256 1285 ·

89 1348 216 1425 petuitate
247 1345 409 1424 sermonis,
448 1356 478 1408 et
505 1346 578 1419 hoo,
609 1345 698 1424 quod
717 1346 749 1407 in
779 1345 923 1408 celeritate
952 1356 1039 1424 atque
1068 1345 1145 1408 dicto

89 1443 136 1498 est.
177 1433 252 1495 Nam
283 1433 354 1494 haec
382 1442 522 1511 perpetua
550 1439 652 1493 contra
676 1431 845 1493 Scaevolam
866 1430 992 1493 Curiana
1013 1430 1146 1493 defensio
1159 1457 1216 1507 221.

88 1528 140 1579 tota
159 1517 335 1580 redundavit
350 1517 490 1578 hilaritate
504 1516 629 1596 quadam
652 1525 681 1578 et
697 1517 779 1588 ioco;
803 1517 878 1578 dicta
898 1515 946 1578 illa
967 1515 1066 1578 brevia
1084 1535 1146 1578 non

89 1602 188 1668 habuit.
232 1603 373 1665 Parcebat
394 1603 473 1663 enim
494 1601 652 1662 adversarii
674 1601 820 1681 dignum
849 1601 880 1667 in
903 1619 964 1680 quo
986 1602 1049 1681 ipse
1071 1621 1145 1663 con-

88 1690 211 1752 servabat
233 1707 335 1761 suam;
364 1687 443 1767 quod
467 1696 512 1749 est
531 1686 703 1748 hominibus
726 1687 825 1748 facetis
848 1695 877 1748 et
897 1686 1044 1748 dicacibus
1066 1687 1145 1750 dilii-

86 1774 226 1848 cillimum,
245 1773 351 1836 habere
366 1773 522 1834 hominum
533 1772 678 1834 rationem
692 1781 721 1833 el
730 1781 899 1852 temporum
911 1781 940 1834 el
950 1791 992 1845 ea,
1007 1791 1083 1851 quae
1093 1792 1145 1835 oc-

84 2026 162 2072 emere
178 2007 341 2076 facetiarum)
368 2012 396 2060 in
422 2012 548 2061 narrando
576 2013 673 2074 aliquid
696 2019 804 2072 omum,
829 2013 904 2061 altere
936 2009 1090 2074 (dieaeitete'e)
1118 2014 1145 2062 in

88 2081 181 2130 macodo
197 2082 359 2143 mittendoque
376 2079 491 2141 ridiculo,
511 2076 596 2143 Quint.
611 2077 654 2129 vl.
674 2081 698 2140 3,
715 2080 761 2130 tt:
780 2079 813 2130 Iet
829 2082 954 2132 narrando
971 2087 1050 2130 auum
1067 2082 1146 2132 di'eero

84 2150 320 2213 crebrescentes
333 2155 414 2210 puae,
428 2149 574 2199 dicacitatem
590 2150 617 2197 in
634 2149 748 2200 eliciendo

148 2220 266 2277 codrum,
288 2215 341 2280 vgl.
359 2218 401 2278 53,
420 2217 472 2270 214
488 2216 539 2266 und
553 2215 592 2266 die
612 2231 640 2266 so
661 2215 723 2267 eben
740 2211 905 2280 engelrihrten
922 2213 1027 2270 Stellen.

148 2287 205 2342 220.
228 2289 318 2352 furere
338 2301 361 2336 ce
379 2287 471 2348 cidere,
497 2285 529 2336 de
554 2285 598 2335 der
617 2283 708 2335 Consul
731 2285 774 2335 des
796 2284 818 2334 J.
841 2285 884 2347 91,
907 2282 1045 2350 Philippus,
1068 2285 1147 2337 durch
1228 2307 1233 2326 ·

87 2353 147 2403 seire
166 2370 245 2419 ganzo
258 2352 354 2404 Politik
371 2354 417 2403 dos
431 2353 546 2404 Amehen
558 2354 601 2404 des
613 2351 719 2404 Senates
735 2352 951 2417 beeintr‘a'chtigen
962 2359 1062 2404 musste.
1100 2353 1146 2405 liie
1230 2360 1234 2369 “

87 2419 160 2486 Fruge
182 2423 314 2475 desselben
336 2425 399 2488 quid
418 2425 518 2474 mearet
539 2422 574 2472 ist
597 2420 666 2472 nicht
691 2422 746 2474 blos
769 2422 847 2472 durch
864 2421 905 2474 die
929 2421 997 2472 laute
1017 2421 1084 2473 Rode
1103 2423 1146 2474 dee

88 2488 196 2555 Catulus,
221 2493 332 2543 sonderrr
355 2491 420 2542 auch
444 2491 522 2542 durch
543 2490 585 2541 tie
602 2490 747 2556 Bedeutung
771 2490 853 2543 seinos
877 2489 985 2542 Nonam
1003 2491 1146 2542 veroniensi

89 2561 180 2610 worden
199 2558 364 2628 (Hiindchen).
388 2559 562 2624 Ereiguethat
571 2559 625 2610 sich
635 2558 717 2610 dieser
725 2557 827 2611 Vorfell
840 2559 904 2610 ohne
915 2555 1021 2611 Zweiiel
1038 2561 1064 2611 in
1077 2561 1147 2612 einer

86 2625 267 2694 Senausiczung
284 2630 328 2679 des
341 2629 365 2678 J.
379 2631 421 2686 91.

148 2701 213 2761 apud
226 2701 386 2750 centumviros
404 2713 425 2747 s.
443 2713 465 2748 z.
484 2697 526 2760 23,
545 2698 579 2750 98
598 2714 623 2747 u.
641 2697 683 2760 ³2,
704 2698 752 2750 140
770 2696 796 2750 ff.

148 2765 180 2818 bl.
200 2766 289 2818 innius
300 2765 399 2831 Brutus,
419 2763 487 2817 Sohrr
505 2766 548 2816 des
562 2767 603 2829 33,
620 2767 668 2819 142
687 2765 835 2816 erwiihnten
853 2763 1086 2828 liechtsgelehrten,
1105 2765 1146 2816 eiu
1184 2794 1187 2808 =

88 2831 209 2900 belliger
235 2850 285 2886 von
309 2833 452 2885 Prolession
479 2835 529 2884 und
550 2834 591 2885 eiu
611 2833 818 2886 Verschwender.
861 2833 918 2898 Vgl.
936 2833 1004 2884 brut.
1022 2834 1064 2896 et,
1084 2835 1146 2887 130:

88 2903 177 2954 Eisdem
193 2907 339 2968 tenporibus
355 2906 391 2955 Μ.
409 2907 513 2966 Brutus,
531 2906 558 2954 ie
574 2919 623 2968 que
639 2919 753 2968 menum
768 2905 829 2966 fuit,
848 2904 933 2964 Betae,
950 2903 1049 2953 dedecus
1063 2905 1149 2968 qenerr'

87 2982 163 3035 cestro,
181 2978 234 3038 qui,
253 2991 308 3024 oum
324 2983 390 3024 tonte
407 2975 505 3024 nomine
526 2983 586 3024 emt
599 2983 738 3038 patremque
758 2976 872 3034 opdmem
889 2972 970 3022 cirum
986 2973 1104 3022 ucenae
1124 2981 1147 3024 et

88 3043 144 3090 iuris
159 3045 341 3105 nudissimum,
361 3045 533 3094 mentionem
542 3043 704 3105 faedaverit,
725 3051 754 3092 ut
768 3043 873 3092 Athenio
889 3042 1025 3104 DWW·
1056 3042 1085 3092 Ie
1096 3057 1146 3092 ηια-

86 3110 194 3170 rhoeteo
213 3128 265 3162 eon
277 3113 371 3174 petinet,
388 3113 431 3162 eed
441 3111 500 3172 suit
516 3120 638 3162 murator
654 3113 777 3162 eetemem
786 3119 809 3162 et
820 3113 937 3173 molestus,
953 3120 981 3160 ut
994 3112 1075 3175 saeile
1093 3126 1146 3162 cer-

86 3192 148 3228 neres
164 3183 275 3232 netmele
291 3183 410 3244 qceoddem
427 3181 511 3240 stirpis
529 3181 617 3230 donem
635 3182 812 3245 deomeraeieee
828 3181 887 3229 ectio
904 3181 1048 3240 depranam
1062 3181 1146 3230 velue-

87 3249 144 3296 tote'e.
164 3273 194 3285 —
213 3248 261 3298 Die
277 3247 551 3312 Vertheidigungerode
568 3248 611 3299 des
629 3247 734 3298 Crassus
754 3243 796 3298 iiir
812 3247 860 3298 den
879 3253 950 3298 const
968 3247 1039 3297 nicht
1056 3246 1146 3298 weiter

88 3311 220 3367 bekannteu
239 3315 283 3367 Cn.
301 3315 409 3367 Plancus
429 3315 494 3366 wird
513 3315 577 3366 anch
595 3333 618 3384 p.
636 3315 734 3378 Cluent.
752 3318 794 3380 51,
814 3317 861 3370 141
885 3315 1009 3367 erwiihnt.

149 3388 275 3437 nerem:
293 3383 526 3450 Schlagiertigkeit.

149 3453 207 3507 221.
230 3457 306 3506 dream
325 3453 428 3518 witzige
447 3453 639 3518 Bemerkungen,
657 3446 838 3518 Schlegworte,
855 3455 914 3505 dene
931 3461 997 3505 mete.
1017 3449 1075 3514 var.
1094 3448 1146 3501 Cic.

87 3533 120 3586 ep.
138 3522 169 3572 ad
186 3521 259 3573 Corn.
278 3521 341 3590 Nep.
362 3523 401 3573 bei
422 3521 532 3573 Macrob.
552 3529 601 3573 sot.
622 3521 653 3588 ll,
675 3525 703 3578 l:
720 3527 800 3589 itaque
817 3527 902 3586 maed,
919 3538 972 3572 nen
989 3524 1069 3572 omnia
1086 3534 1148 3584 quae

86 3591 219 3643 eleum
241 3594 411 3654 dieentes,
434 3592 594 3655 queefeeete
616 3602 638 3643 et
660 3594 762 3645 erem
784 3601 806 3644 et
830 3593 1148 3643 wuteteeutieeeemueee

84 3664 176 3718 proprie
193 3664 290 3711 nomine
305 3664 425 3726 appeten·
442 3663 505 3712 dieta
521 3663 657 3713 comet.

147 3731 305 3789 mmeeoadat,
320 3729 372 3794 vgl.
395 3733 434 3791 19,
453 3730 501 3782 81:
518 3732 690 3781 eremeaede.
876 3779 879 3786 .

149 3813 208 3862 quae
218 3808 362 3850 ceremon:
378 3797 499 3849 wosnich
512 3796 656 3863 anidrdngt,
676 3797 715 3848 die
731 3793 855 3858 liinl‘a'll03
873 3793 1031 3859 gewiihnlich
1050 3793 1085 3844 ist
1102 3794 1147 3844 dee

87 3861 188 3914 Verbum
209 3866 235 3914 in
249 3865 330 3917 dieser
343 3865 488 3930 Bedentnng
505 3866 551 3917 mit
569 3868 624 3918 dem
636 3867 695 3917 Aeo.
713 3881 735 3916 e.
753 3863 799 3916 lul.
814 3862 965 3928 verbunden,
984 3862 1034 3914 wie
1052 3878 1090 3920 or.
1106 3865 1147 3929 41,

91 3933 147 3984 llos
170 3935 311 3987 oeometae
329 3940 393 3988 enim
407 3951 477 3998 peeee
501 3940 605 3999 reperies·
626 3953 675 3988 non
693 3936 788 3986 meldos
811 3935 900 3998 echem;
926 3945 950 3998 p.
976 3931 1030 3984 llil.
1054 3935 1079 4000 e,
1100 3935 1148 3986 25:

87 4001 226 4078 Occurrebat
241 4007 266 4054 ei
279 4021 387 4056 mancam
404 4023 432 4058 ae
448 4006 545 4058 debilem
557 4015 700 4068 praeberem
716 4019 784 4054 mm
802 4003 923 4065 suturam.

133 4092 203 4139 dicero
216 4094 243 4138 de
256 4097 344 4140 enters
365 4096 393 4140 n„
929 4089 945 4140 8

140 4390 150 4405 ἱ
327 4356 331 4364 .

101 4394 275 4484 mnia
298 4480 301 4483 .
