<?xml version="1.0" encoding="UTF-8"?>
<!DOCTYPE html PUBLIC "-//W3C//DTD XHTML 1.0 Transitional//EN"
    "http://www.w3.org/TR/xhtml1/DTD/xhtml1-transitional.dtd">
<html xmlns="http://www.w3.org/1999/xhtml" xml:lang="en" lang="en">
 <head>
  <title>
</title>
<meta http-equiv="Content-Type" content="text/html;charset=utf-8" />
  <meta name='ocr-system' content='tesseract 3.04.00' />
  <meta name='ocr-capabilities' content='ocr_page ocr_carea ocr_par ocr_line ocrx_word'/>
</head>
<body>
  <div class='ocr_page' id='page_1' title='image "./mtulliiciceroni79cicegoog/mtulliiciceroni79cicegoog_0454.png"; bbox 0 0 2756 4520; ppageno 0'>
   <div class='ocr_carea' id='block_1_1' title="bbox 321 319 1154 388">
    <p class='ocr_par' dir='ltr' id='par_1_1' title="bbox 321 319 1154 388">
     <span class='ocr_line' id='line_1_1' title="bbox 321 319 1154 388; baseline 0.018 -17"><span class='ocrx_word' id='word_1_1' title='bbox 321 321 362 372; x_wconf 83' lang='lat' dir='ltr'>ns</span> <span class='ocrx_word' id='word_1_2' title='bbox 381 319 544 386; x_wconf 78' lang='lat' dir='ltr'>enmono,</span> <span class='ocrx_word' id='word_1_3' title='bbox 565 321 607 371; x_wconf 85' lang='lat' dir='ltr'>m.</span> <span class='ocrx_word' id='word_1_4' title='bbox 620 320 660 373; x_wconf 89' lang='lat' dir='ltr'>m.</span> <span class='ocrx_word' id='word_1_5' title='bbox 678 337 732 388; x_wconf 69' lang='lat' dir='ltr'>cap.</span> <span class='ocrx_word' id='word_1_6' title='bbox 746 326 767 374; x_wconf 76' lang='lat' dir='ltr'>i.</span> <span class='ocrx_word' id='word_1_7' title='bbox 786 320 854 387; x_wconf 74' lang='lat' dir='ltr'>§aa</span> <span class='ocrx_word' id='word_1_8' title='bbox 874 323 915 376; x_wconf 82' lang='lat' dir='ltr'>nc.</span> <span class='ocrx_word' id='word_1_9' title='bbox 1111 321 1154 386; x_wconf 79' lang='lat'>23</span> 
     </span>
    </p>
   </div>
   <div class='ocr_carea' id='block_1_2' title="bbox 77 469 1208 897">
    <p class='ocr_par' dir='ltr' id='par_1_2' title="bbox 77 469 1208 897">
     <span class='ocr_line' id='line_1_2' title="bbox 79 469 1208 560; baseline 0.003 -24"><span class='ocrx_word' id='word_1_10' title='bbox 79 475 206 536; x_wconf 76' lang='lat' dir='ltr'>vocibus</span> <span class='ocrx_word' id='word_1_11' title='bbox 223 476 373 552; x_wconf 85' lang='lat' dir='ltr'>delectant,</span> <span class='ocrx_word' id='word_1_12' title='bbox 391 487 487 538; x_wconf 88' lang='lat' dir='ltr'>tamen</span> <span class='ocrx_word' id='word_1_13' title='bbox 503 478 542 538; x_wconf 90' lang='lat' dir='ltr'>ita</span> <span class='ocrx_word' id='word_1_14' title='bbox 560 485 629 537; x_wconf 90' lang='lat' dir='ltr'>sunt</span> <span class='ocrx_word' id='word_1_15' title='bbox 645 477 722 537; x_wconf 83' lang='lat' dir='ltr'>vania</span> <span class='ocrx_word' id='word_1_16' title='bbox 742 495 836 556; x_wconf 82' lang='lat' dir='ltr'>saepe,</span> <span class='ocrx_word' id='word_1_17' title='bbox 852 485 885 536; x_wconf 86' lang='lat' dir='ltr'>ut</span> <span class='ocrx_word' id='word_1_18' title='bbox 897 475 937 555; x_wconf 94' lang='lat' dir='ltr'>id,</span> <span class='ocrx_word' id='word_1_19' title='bbox 954 477 1034 556; x_wconf 90' lang='lat' dir='ltr'>quod</span> <span class='ocrx_word' id='word_1_20' title='bbox 1049 469 1153 557; x_wconf 80' lang='lat' dir='ltr'>proxi-</span> <span class='ocrx_word' id='word_1_21' title='bbox 1207 555 1208 560; x_wconf 8' lang='grc' dir='ltr'>η</span> 
     </span>
     <span class='ocr_line' id='line_1_3' title="bbox 79 561 1154 642; baseline 0.002 -20"><span class='ocrx_word' id='word_1_22' title='bbox 79 581 166 622; x_wconf 78' lang='lat' dir='ltr'>stium</span> <span class='ocrx_word' id='word_1_23' title='bbox 183 562 293 634; x_wconf 82' lang='lat' dir='ltr'>audias,</span> <span class='ocrx_word' id='word_1_24' title='bbox 314 563 563 624; x_wconf 84' lang='lat' dir='ltr'>iucundissimum</span> <span class='ocrx_word' id='word_1_25' title='bbox 583 581 645 622; x_wconf 89' lang='lat' dir='ltr'>esse</span> <span class='ocrx_word' id='word_1_26' title='bbox 663 561 801 634; x_wconf 83' lang='lat' dir='ltr'>videatur,</span> <span class='ocrx_word' id='word_1_27' title='bbox 825 572 853 623; x_wconf 91' lang='lat' dir='ltr'>et</span> <span class='ocrx_word' id='word_1_28' title='bbox 869 563 961 623; x_wconf 89' lang='lat' dir='ltr'>oculis</span> <span class='ocrx_word' id='word_1_29' title='bbox 976 564 1154 642; x_wconf 82' lang='lat' dir='ltr'>colliguntur</span> 
     </span>
     <span class='ocr_line' id='line_1_4' title="bbox 77 647 1164 727; baseline 0.003 -20"><span class='ocrx_word' id='word_1_30' title='bbox 77 665 174 726; x_wconf 89' lang='lat' dir='ltr'>paene</span> <span class='ocrx_word' id='word_1_31' title='bbox 188 649 417 708; x_wconf 82' lang='lat' dir='ltr'>innumerabiles</span> <span class='ocrx_word' id='word_1_32' title='bbox 437 649 615 727; x_wconf 87' lang='lat' dir='ltr'>voluptates,</span> <span class='ocrx_word' id='word_1_33' title='bbox 639 664 713 726; x_wconf 82' lang='lat' dir='ltr'>quae</span> <span class='ocrx_word' id='word_1_34' title='bbox 728 665 784 708; x_wconf 93' lang='lat' dir='ltr'>nos</span> <span class='ocrx_word' id='word_1_35' title='bbox 798 647 836 708; x_wconf 88' lang='lat' dir='ltr'>ita</span> <span class='ocrx_word' id='word_1_36' title='bbox 853 648 987 726; x_wconf 89' lang='lat' dir='ltr'>capiunt,</span> <span class='ocrx_word' id='word_1_37' title='bbox 1011 659 1044 709; x_wconf 89' lang='lat' dir='ltr'>ut</span> <span class='ocrx_word' id='word_1_38' title='bbox 1058 667 1164 712; x_wconf 63' lang='lat' dir='ltr'>unum,</span> 
     </span>
     <span class='ocr_line' id='line_1_5' title="bbox 77 731 1151 812; baseline 0.002 -19"><span class='ocrx_word' id='word_1_39' title='bbox 77 751 205 793; x_wconf 87' lang='lat' dir='ltr'>sensnm</span> <span class='ocrx_word' id='word_1_40' title='bbox 221 731 353 794; x_wconf 88' lang='lat' dir='ltr'>dissimili</span> <span class='ocrx_word' id='word_1_41' title='bbox 369 752 476 812; x_wconf 82' lang='lat' dir='ltr'>genere</span> <span class='ocrx_word' id='word_1_42' title='bbox 497 734 646 801; x_wconf 77' lang='lat' dir='ltr'>delectent,</span> <span class='ocrx_word' id='word_1_43' title='bbox 670 741 698 793; x_wconf 89' lang='lat' dir='ltr'>et</span> <span class='ocrx_word' id='word_1_44' title='bbox 717 733 846 810; x_wconf 84' lang='lat' dir='ltr'>reliquos</span> <span class='ocrx_word' id='word_1_45' title='bbox 862 751 967 794; x_wconf 92' lang='lat' dir='ltr'>sensus</span> <span class='ocrx_word' id='word_1_46' title='bbox 988 735 1151 812; x_wconf 86' lang='lat' dir='ltr'>voluptates</span> 
     </span>
     <span class='ocr_line' id='line_1_6' title="bbox 81 817 1150 897; baseline 0.002 -19"><span class='ocrx_word' id='word_1_47' title='bbox 81 818 233 879; x_wconf 88' lang='lat' dir='ltr'>oblectant</span> <span class='ocrx_word' id='word_1_48' title='bbox 243 817 383 897; x_wconf 82' lang='lat' dir='ltr'>dispares,</span> <span class='ocrx_word' id='word_1_49' title='bbox 400 827 432 878; x_wconf 88' lang='lat' dir='ltr'>ut</span> <span class='ocrx_word' id='word_1_50' title='bbox 443 819 479 880; x_wconf 91' lang='lat' dir='ltr'>sit</span> <span class='ocrx_word' id='word_1_51' title='bbox 494 817 760 878; x_wconf 82' lang='lat' dir='ltr'>difficileiudicium</span> <span class='ocrx_word' id='word_1_52' title='bbox 773 817 938 879; x_wconf 88' lang='lat' dir='ltr'>excellentis</span> <span class='ocrx_word' id='word_1_53' title='bbox 948 820 1073 880; x_wconf 84' lang='lat' dir='ltr'>maxime</span> <span class='ocrx_word' id='word_1_54' title='bbox 1081 839 1150 881; x_wconf 88' lang='lat' dir='ltr'>sua-</span> 
     </span>
    </p>
   </div>
   <div class='ocr_carea' id='block_1_3' title="bbox 77 903 1372 982">
    <p class='ocr_par' dir='ltr' id='par_1_3' title="bbox 77 903 1372 982">
     <span class='ocr_line' id='line_1_7' title="bbox 77 903 1372 982; baseline -0.002 -20"><span class='ocrx_word' id='word_1_55' title='bbox 77 903 185 964; x_wconf 82' lang='lat' dir='ltr'>vitetis.</span> <span class='ocrx_word' id='word_1_56' title='bbox 228 905 324 982; x_wconf 81' lang='lat' dir='ltr'>Atque</span> <span class='ocrx_word' id='word_1_57' title='bbox 349 904 405 964; x_wconf 95' lang='lat' dir='ltr'>hoc</span> <span class='ocrx_word' id='word_1_58' title='bbox 429 904 517 979; x_wconf 92' lang='lat' dir='ltr'>idem,</span> <span class='ocrx_word' id='word_1_59' title='bbox 541 903 620 981; x_wconf 88' lang='lat' dir='ltr'>quod</span> <span class='ocrx_word' id='word_1_60' title='bbox 636 912 680 963; x_wconf 85' lang='lat' dir='ltr'>est</span> <span class='ocrx_word' id='word_1_61' title='bbox 694 903 725 963; x_wconf 91' lang='lat' dir='ltr'>in</span> <span class='ocrx_word' id='word_1_62' title='bbox 741 904 852 964; x_wconf 85' lang='lat' dir='ltr'>naturis</span> <span class='ocrx_word' id='word_1_63' title='bbox 868 922 977 978; x_wconf 83' lang='lat' dir='ltr'>nerum,</span> <span class='ocrx_word' id='word_1_64' title='bbox 999 907 1151 966; x_wconf 57' lang='lat' dir='ltr'>‘transferri</span> <span class='ocrx_word' id='word_1_65' title='bbox 1165 911 1206 961; x_wconf 84' lang='grc'>26.</span> <span class='ocrx_word' id='word_1_66' title='bbox 1293 921 1294 924; x_wconf 44' lang='lat'>¹</span> <span class='ocrx_word' id='word_1_67' title='bbox 1368 911 1372 930; x_wconf 79' lang='lat'><strong><em>‘</em></strong></span> 
     </span>
    </p>
   </div>
   <div class='ocr_carea' id='block_1_4' title="bbox 76 988 1156 1410">
    <p class='ocr_par' dir='ltr' id='par_1_4' title="bbox 76 988 1156 1410">
     <span class='ocr_line' id='line_1_8' title="bbox 76 988 1152 1068; baseline 0.003 -20"><span class='ocrx_word' id='word_1_68' title='bbox 76 998 180 1068; x_wconf 92' lang='lat' dir='ltr'>potest</span> <span class='ocrx_word' id='word_1_69' title='bbox 194 990 279 1048; x_wconf 89' lang='lat' dir='ltr'>etiam</span> <span class='ocrx_word' id='word_1_70' title='bbox 295 990 331 1048; x_wconf 88' lang='lat' dir='ltr'>ad</span> <span class='ocrx_word' id='word_1_71' title='bbox 348 991 426 1050; x_wconf 86' lang='lat' dir='ltr'>artis.</span> <span class='ocrx_word' id='word_1_72' title='bbox 472 989 535 1050; x_wconf 90' lang='lat' dir='ltr'>Una</span> <span class='ocrx_word' id='word_1_73' title='bbox 552 988 681 1067; x_wconf 84' lang='lat' dir='ltr'>fingendi</span> <span class='ocrx_word' id='word_1_74' title='bbox 696 997 740 1048; x_wconf 92' lang='lat' dir='ltr'>est</span> <span class='ocrx_word' id='word_1_75' title='bbox 758 1008 814 1061; x_wconf 79' lang='lat' dir='ltr'>ais,</span> <span class='ocrx_word' id='word_1_76' title='bbox 837 989 867 1048; x_wconf 91' lang='lat' dir='ltr'>in</span> <span class='ocrx_word' id='word_1_77' title='bbox 893 1007 950 1066; x_wconf 92' lang='lat' dir='ltr'>qua</span> <span class='ocrx_word' id='word_1_78' title='bbox 974 1001 1152 1068; x_wconf 81' lang='lat' dir='ltr'>praestantes</span> 
     </span>
     <span class='ocr_line' id='line_1_9' title="bbox 78 1074 1152 1154; baseline 0.003 -20"><span class='ocrx_word' id='word_1_79' title='bbox 78 1077 205 1134; x_wconf 84' lang='lat' dir='ltr'>fuerunt</span> <span class='ocrx_word' id='word_1_80' title='bbox 218 1075 311 1153; x_wconf 77' lang='lat' dir='ltr'>Myro,</span> <span class='ocrx_word' id='word_1_81' title='bbox 327 1075 495 1154; x_wconf 84' lang='lat' dir='ltr'>Polyclitus,</span> <span class='ocrx_word' id='word_1_82' title='bbox 512 1075 675 1152; x_wconf 80' lang='lat' dir='ltr'>Lysippus3</span> <span class='ocrx_word' id='word_1_83' title='bbox 698 1074 748 1152; x_wconf 90' lang='lat' dir='ltr'>qui</span> <span class='ocrx_word' id='word_1_84' title='bbox 765 1092 868 1134; x_wconf 90' lang='lat' dir='ltr'>omnes</span> <span class='ocrx_word' id='word_1_85' title='bbox 885 1074 961 1135; x_wconf 84' lang='lat' dir='ltr'>inter</span> <span class='ocrx_word' id='word_1_86' title='bbox 975 1095 1006 1136; x_wconf 92' lang='lat' dir='ltr'>se</span> <span class='ocrx_word' id='word_1_87' title='bbox 1022 1075 1152 1137; x_wconf 89' lang='lat' dir='ltr'>dissimi-</span> 
     </span>
     <span class='ocr_line' id='line_1_10' title="bbox 78 1159 1154 1232; baseline 0.001 -13"><span class='ocrx_word' id='word_1_88' title='bbox 78 1160 124 1220; x_wconf 87' lang='lat' dir='ltr'>les</span> <span class='ocrx_word' id='word_1_89' title='bbox 140 1162 272 1232; x_wconf 84' lang='lat' dir='ltr'>fuerunt,</span> <span class='ocrx_word' id='word_1_90' title='bbox 288 1159 338 1220; x_wconf 91' lang='lat' dir='ltr'>sed</span> <span class='ocrx_word' id='word_1_91' title='bbox 355 1161 393 1221; x_wconf 83' lang='lat' dir='ltr'>ita</span> <span class='ocrx_word' id='word_1_92' title='bbox 410 1169 516 1232; x_wconf 89' lang='lat' dir='ltr'>tamen,</span> <span class='ocrx_word' id='word_1_93' title='bbox 535 1168 566 1219; x_wconf 92' lang='lat' dir='ltr'>ut</span> <span class='ocrx_word' id='word_1_94' title='bbox 581 1159 730 1218; x_wconf 91' lang='lat' dir='ltr'>neminem</span> <span class='ocrx_word' id='word_1_95' title='bbox 745 1160 790 1220; x_wconf 91' lang='lat' dir='ltr'>sui</span> <span class='ocrx_word' id='word_1_96' title='bbox 809 1160 879 1220; x_wconf 91' lang='lat' dir='ltr'>velis</span> <span class='ocrx_word' id='word_1_97' title='bbox 895 1179 959 1220; x_wconf 88' lang='lat' dir='ltr'>esse</span> <span class='ocrx_word' id='word_1_98' title='bbox 975 1161 1154 1222; x_wconf 87' lang='lat' dir='ltr'>dissimilem.</span> 
     </span>
     <span class='ocr_line' id='line_1_11' title="bbox 77 1243 1155 1323; baseline 0.001 -18"><span class='ocrx_word' id='word_1_99' title='bbox 77 1246 145 1306; x_wconf 88' lang='lat' dir='ltr'>Una</span> <span class='ocrx_word' id='word_1_100' title='bbox 163 1255 208 1305; x_wconf 90' lang='lat' dir='ltr'>est</span> <span class='ocrx_word' id='word_1_101' title='bbox 218 1264 265 1304; x_wconf 82' lang='lat' dir='ltr'>ars</span> <span class='ocrx_word' id='word_1_102' title='bbox 282 1246 413 1323; x_wconf 78' lang='lat' dir='ltr'>nitidque</span> <span class='ocrx_word' id='word_1_103' title='bbox 423 1245 562 1322; x_wconf 83' lang='lat' dir='ltr'>picturae,</span> <span class='ocrx_word' id='word_1_104' title='bbox 580 1243 825 1322; x_wconf 90' lang='lat' dir='ltr'>dissimillimique</span> <span class='ocrx_word' id='word_1_105' title='bbox 836 1255 934 1306; x_wconf 85' lang='lat' dir='ltr'>tamen</span> <span class='ocrx_word' id='word_1_106' title='bbox 949 1246 1025 1307; x_wconf 88' lang='lat' dir='ltr'>inter</span> <span class='ocrx_word' id='word_1_107' title='bbox 1040 1265 1070 1306; x_wconf 91' lang='lat' dir='ltr'>se</span> <span class='ocrx_word' id='word_1_108' title='bbox 1078 1248 1155 1308; x_wconf 88' lang='lat' dir='ltr'>Zeu-</span> 
     </span>
     <span class='ocr_line' id='line_1_12' title="bbox 81 1330 1156 1410; baseline 0.002 -20"><span class='ocrx_word' id='word_1_109' title='bbox 81 1331 138 1401; x_wconf 85' lang='lat' dir='ltr'>xis,</span> <span class='ocrx_word' id='word_1_110' title='bbox 152 1330 337 1408; x_wconf 80' lang='lat' dir='ltr'>Aglaophon,</span> <span class='ocrx_word' id='word_1_111' title='bbox 352 1331 477 1410; x_wconf 77' lang='lat' dir='ltr'>Apelles,</span> <span class='ocrx_word' id='word_1_112' title='bbox 494 1348 592 1408; x_wconf 89' lang='lat' dir='ltr'>neque</span> <span class='ocrx_word' id='word_1_113' title='bbox 607 1347 711 1389; x_wconf 81' lang='lat' dir='ltr'>eorum</span> <span class='ocrx_word' id='word_1_114' title='bbox 721 1331 929 1409; x_wconf 85' lang='lat' dir='ltr'>quisquemest</span> <span class='ocrx_word' id='word_1_115' title='bbox 943 1332 1156 1410; x_wconf 86' lang='lat' dir='ltr'>cuiquicquam</span> 
     </span>
    </p>
   </div>
   <div class='ocr_carea' id='block_1_5' title="bbox 79 1578 1158 1853">
    <p class='ocr_par' dir='ltr' id='par_1_5' title="bbox 79 1578 1158 1853">
     <span class='ocr_line' id='line_1_13' title="bbox 80 1578 1158 1649; baseline 0.004 -19"><span class='ocrx_word' id='word_1_116' title='bbox 80 1581 171 1630; x_wconf 85' lang='lat' dir='ltr'>zelnen</span> <span class='ocrx_word' id='word_1_117' title='bbox 197 1578 388 1644; x_wconf 79' lang='lat' dir='ltr'>Gegenstlinden</span> <span class='ocrx_word' id='word_1_118' title='bbox 416 1581 506 1631; x_wconf 89' lang='lat' dir='ltr'>ehenso</span> <span class='ocrx_word' id='word_1_119' title='bbox 530 1581 676 1633; x_wconf 87' lang='lat' dir='ltr'>bezeichnet</span> <span class='ocrx_word' id='word_1_120' title='bbox 694 1583 794 1633; x_wconf 84' lang='lat' dir='ltr'>werden</span> <span class='ocrx_word' id='word_1_121' title='bbox 821 1590 923 1648; x_wconf 84' lang='lat' dir='ltr'>musste,</span> <span class='ocrx_word' id='word_1_122' title='bbox 948 1584 998 1633; x_wconf 91' lang='lat' dir='ltr'>wie</span> <span class='ocrx_word' id='word_1_123' title='bbox 1015 1585 1029 1646; x_wconf 65' lang='grc' dir='ltr'>ἐ</span> <span class='ocrx_word' id='word_1_124' title='bbox 1049 1586 1095 1636; x_wconf 84' lang='lat'>26:</span> <span class='ocrx_word' id='word_1_125' title='bbox 1114 1589 1158 1649; x_wconf 86' lang='lat' dir='ltr'>qui</span> 
     </span>
     <span class='ocr_line' id='line_1_14' title="bbox 79 1651 1157 1716; baseline 0.003 -16"><span class='ocrx_word' id='word_1_126' title='bbox 79 1667 163 1700; x_wconf 80' lang='lat' dir='ltr'>omues</span> <span class='ocrx_word' id='word_1_127' title='bbox 183 1653 248 1700; x_wconf 81' lang='lat' dir='ltr'>inter</span> <span class='ocrx_word' id='word_1_128' title='bbox 265 1668 288 1699; x_wconf 84' lang='lat' dir='ltr'>sa</span> <span class='ocrx_word' id='word_1_129' title='bbox 305 1655 363 1702; x_wconf 85' lang='lat' dir='ltr'>diss.</span> <span class='ocrx_word' id='word_1_130' title='bbox 375 1652 484 1714; x_wconf 80' lang='lat' dir='ltr'>sucruut</span> <span class='ocrx_word' id='word_1_131' title='bbox 500 1661 551 1712; x_wconf 73' lang='lat' dir='ltr'>cst,</span> <span class='ocrx_word' id='word_1_132' title='bbox 579 1667 618 1700; x_wconf 83' lang='lat' dir='ltr'>wo</span> <span class='ocrx_word' id='word_1_133' title='bbox 643 1651 683 1702; x_wconf 90' lang='lat' dir='ltr'>die</span> <span class='ocrx_word' id='word_1_134' title='bbox 702 1651 791 1701; x_wconf 89' lang='lat' dir='ltr'>allen</span> <span class='ocrx_word' id='word_1_135' title='bbox 810 1652 975 1716; x_wconf 80' lang='lat' dir='ltr'>gemeinseme</span> <span class='ocrx_word' id='word_1_136' title='bbox 993 1651 1157 1716; x_wconf 79' lang='lat' dir='ltr'>Eigenschalt</span> 
     </span>
     <span class='ocr_line' id='line_1_15' title="bbox 81 1717 1156 1786; baseline 0.004 -18"><span class='ocrx_word' id='word_1_137' title='bbox 81 1721 129 1768; x_wconf 84' lang='lat' dir='ltr'>den</span> <span class='ocrx_word' id='word_1_138' title='bbox 141 1717 339 1768; x_wconf 85' lang='lat' dir='ltr'>Uniihnlichkeit</span> <span class='ocrx_word' id='word_1_139' title='bbox 354 1720 400 1768; x_wconf 89' lang='lat' dir='ltr'>den</span> <span class='ocrx_word' id='word_1_140' title='bbox 417 1719 569 1770; x_wconf 83' lang='lat' dir='ltr'>basonderen</span> <span class='ocrx_word' id='word_1_141' title='bbox 584 1720 717 1785; x_wconf 79' lang='lat' dir='ltr'>Vonziigen</span> <span class='ocrx_word' id='word_1_142' title='bbox 732 1721 775 1770; x_wconf 85' lang='lat' dir='ltr'>der</span> <span class='ocrx_word' id='word_1_143' title='bbox 787 1720 922 1770; x_wconf 87' lang='lat' dir='ltr'>llinzelnen</span> <span class='ocrx_word' id='word_1_144' title='bbox 936 1722 1156 1786; x_wconf 77' lang='lat' dir='ltr'>geganiihensteht.</span> 
     </span>
     <span class='ocr_line' id='line_1_16' title="bbox 81 1787 869 1853; baseline 0.004 -16"><span class='ocrx_word' id='word_1_145' title='bbox 81 1787 205 1837; x_wconf 86' lang='lat' dir='ltr'>Dassclbe</span> <span class='ocrx_word' id='word_1_146' title='bbox 225 1787 385 1838; x_wconf 82' lang='lat' dir='ltr'>Venhiiltniss</span> <span class='ocrx_word' id='word_1_147' title='bbox 405 1788 482 1838; x_wconf 86' lang='lat' dir='ltr'>findet</span> <span class='ocrx_word' id='word_1_148' title='bbox 499 1789 553 1838; x_wconf 87' lang='lat' dir='ltr'>sich</span> <span class='ocrx_word' id='word_1_149' title='bbox 572 1789 596 1837; x_wconf 93' lang='lat' dir='ltr'>in</span> <span class='ocrx_word' id='word_1_150' title='bbox 615 1790 661 1839; x_wconf 92' lang='lat' dir='ltr'>den</span> <span class='ocrx_word' id='word_1_151' title='bbox 680 1788 812 1853; x_wconf 83' lang='lat' dir='ltr'>folgenden</span> <span class='ocrx_word' id='word_1_152' title='bbox 830 1792 869 1852; x_wconf 58' lang='grc' dir='ltr'>ἐξ.</span> 
     </span>
    </p>
   </div>
   <div class='ocr_carea' id='block_1_6' title="bbox 169 1856 1318 1924">
    <p class='ocr_par' dir='ltr' id='par_1_6' title="bbox 169 1856 1318 1924">
     <span class='ocr_line' id='line_1_17' title="bbox 169 1856 1318 1924; baseline 0.005 -19"><span class='ocrx_word' id='word_1_153' title='bbox 169 1859 385 1919; x_wconf 78' lang='lat' dir='ltr'>ooet&#39;lus=souie,</span> <span class='ocrx_word' id='word_1_154' title='bbox 410 1857 459 1906; x_wconf 85' lang='lat' dir='ltr'>wie</span> <span class='ocrx_word' id='word_1_155' title='bbox 482 1856 500 1906; x_wconf 90' lang='grc' dir='ltr'>Ι.</span> <span class='ocrx_word' id='word_1_156' title='bbox 520 1861 562 1918; x_wconf 82' lang='grc'>42,</span> <span class='ocrx_word' id='word_1_157' title='bbox 586 1860 647 1910; x_wconf 78' lang='grc' dir='ltr'>18ῖι</span> <span class='ocrx_word' id='word_1_158' title='bbox 671 1864 698 1909; x_wconf 84' lang='lat' dir='ltr'>in</span> <span class='ocrx_word' id='word_1_159' title='bbox 716 1863 812 1910; x_wconf 85' lang='lat' dir='ltr'>musicis</span> <span class='ocrx_word' id='word_1_160' title='bbox 829 1862 926 1909; x_wconf 75' lang='lat' dir='ltr'>numeri</span> <span class='ocrx_word' id='word_1_161' title='bbox 937 1863 1156 1924; x_wconf 81' lang='lat' dir='ltr'>cluoccselmodi;</span> <span class='ocrx_word' id='word_1_162' title='bbox 1258 1917 1259 1920; x_wconf 8' lang='grc' dir='ltr'><strong>Ἴ</strong></span> <span class='ocrx_word' id='word_1_163' title='bbox 1315 1887 1318 1900; x_wconf 67' lang='grc'>«</span> 
     </span>
    </p>
   </div>
   <div class='ocr_carea' id='block_1_7' title="bbox 80 1921 1158 4053">
    <p class='ocr_par' dir='ltr' id='par_1_7' title="bbox 82 1921 769 1988">
     <span class='ocr_line' id='line_1_18' title="bbox 82 1921 769 1988; baseline 0 -14"><span class='ocrx_word' id='word_1_164' title='bbox 82 1923 137 1988; x_wconf 80' lang='lat' dir='ltr'>vgl.</span> <span class='ocrx_word' id='word_1_165' title='bbox 158 1921 202 1973; x_wconf 83' lang='lat' dir='ltr'>Ill.</span> <span class='ocrx_word' id='word_1_166' title='bbox 225 1927 266 1986; x_wconf 61' lang='lat'>43,</span> <span class='ocrx_word' id='word_1_167' title='bbox 290 1927 352 1977; x_wconf 80' lang='lat'>185:</span> <span class='ocrx_word' id='word_1_168' title='bbox 370 1931 397 1976; x_wconf 83' lang='lat' dir='ltr'>iu</span> <span class='ocrx_word' id='word_1_169' title='bbox 415 1929 524 1976; x_wconf 82' lang='lat' dir='ltr'>omnibus</span> <span class='ocrx_word' id='word_1_170' title='bbox 543 1931 608 1976; x_wconf 82' lang='lat' dir='ltr'>souis</span> <span class='ocrx_word' id='word_1_171' title='bbox 623 1943 650 1977; x_wconf 82' lang='lat' dir='ltr'>ac</span> <span class='ocrx_word' id='word_1_172' title='bbox 667 1931 769 1978; x_wconf 84' lang='lat' dir='ltr'>uocibus.</span> 
     </span>
    </p>

    <p class='ocr_par' dir='ltr' id='par_1_8' title="bbox 173 1993 763 2060">
     <span class='ocr_line' id='line_1_19' title="bbox 173 1993 763 2060; baseline 0.007 -18"><span class='ocrx_word' id='word_1_173' title='bbox 173 1997 316 2058; x_wconf 68' lang='lat' dir='ltr'>colltpuutur</span> <span class='ocrx_word' id='word_1_174' title='bbox 337 1994 440 2044; x_wconf 82' lang='lat' dir='ltr'>ventnitt</span> <span class='ocrx_word' id='word_1_175' title='bbox 458 1995 502 2044; x_wconf 83' lang='lat' dir='ltr'>das</span> <span class='ocrx_word' id='word_1_176' title='bbox 523 1993 612 2044; x_wconf 85' lang='lat' dir='ltr'>Passiv</span> <span class='ocrx_word' id='word_1_177' title='bbox 630 2010 679 2044; x_wconf 90' lang='lat' dir='ltr'>von</span> <span class='ocrx_word' id='word_1_178' title='bbox 695 1999 763 2060; x_wconf 79' lang='lat' dir='ltr'>frui.</span> 
     </span>
    </p>

    <p class='ocr_par' dir='ltr' id='par_1_9' title="bbox 171 2063 1091 2128">
     <span class='ocr_line' id='line_1_20' title="bbox 171 2063 1091 2128; baseline 0.003 -18"><span class='ocrx_word' id='word_1_179' title='bbox 171 2065 285 2113; x_wconf 77' lang='lat' dir='ltr'>dissimili</span> <span class='ocrx_word' id='word_1_180' title='bbox 308 2080 406 2127; x_wconf 57' lang='lat' dir='ltr'>peuce,</span> <span class='ocrx_word' id='word_1_181' title='bbox 431 2063 479 2114; x_wconf 84' lang='lat' dir='ltr'>wie</span> <span class='ocrx_word' id='word_1_182' title='bbox 501 2064 564 2113; x_wconf 91' lang='lat' dir='ltr'>oben</span> <span class='ocrx_word' id='word_1_183' title='bbox 584 2067 609 2124; x_wconf 86' lang='lat'>2,</span> <span class='ocrx_word' id='word_1_184' title='bbox 632 2066 715 2116; x_wconf 77' lang='lat' dir='ltr'>Bnnd</span> <span class='ocrx_word' id='word_1_185' title='bbox 734 2070 827 2117; x_wconf 84' lang='lat' dir='ltr'>unten:</span> <span class='ocrx_word' id='word_1_186' title='bbox 845 2065 871 2112; x_wconf 82' lang='lat' dir='ltr'>iu</span> <span class='ocrx_word' id='word_1_187' title='bbox 888 2067 983 2124; x_wconf 75' lang='lat' dir='ltr'>dispari</span> <span class='ocrx_word' id='word_1_188' title='bbox 999 2081 1091 2128; x_wconf 75' lang='lat' dir='ltr'>penore.</span> 
     </span>
    </p>

    <p class='ocr_par' dir='ltr' id='par_1_10' title="bbox 80 2130 1157 2333">
     <span class='ocr_line' id='line_1_21' title="bbox 175 2130 1157 2196; baseline 0 -15"><span class='ocrx_word' id='word_1_189' title='bbox 175 2133 216 2181; x_wconf 78' lang='lat'>26.</span> <span class='ocrx_word' id='word_1_190' title='bbox 234 2135 316 2196; x_wconf 80' lang='lat' dir='ltr'>Atque</span> <span class='ocrx_word' id='word_1_191' title='bbox 332 2136 376 2183; x_wconf 82' lang='lat' dir='ltr'>loc</span> <span class='ocrx_word' id='word_1_192' title='bbox 393 2136 455 2182; x_wconf 83' lang='lat' dir='ltr'>idem</span> <span class='ocrx_word' id='word_1_193' title='bbox 473 2130 514 2182; x_wconf 78' lang='lat' dir='ltr'>far</span> <span class='ocrx_word' id='word_1_194' title='bbox 534 2134 578 2182; x_wconf 90' lang='lat' dir='ltr'>das</span> <span class='ocrx_word' id='word_1_195' title='bbox 598 2134 731 2184; x_wconf 85' lang='lat' dir='ltr'>handschr.</span> <span class='ocrx_word' id='word_1_196' title='bbox 751 2137 795 2184; x_wconf 80' lang='lat' dir='ltr'>Aa</span> <span class='ocrx_word' id='word_1_197' title='bbox 808 2137 832 2182; x_wconf 88' lang='lat' dir='ltr'>ll.</span> <span class='ocrx_word' id='word_1_198' title='bbox 851 2137 877 2195; x_wconf 88' lang='lat' dir='ltr'>i.,</span> <span class='ocrx_word' id='word_1_199' title='bbox 895 2131 954 2182; x_wconf 85' lang='lat' dir='ltr'>weil</span> <span class='ocrx_word' id='word_1_200' title='bbox 973 2134 1016 2182; x_wconf 83' lang='lat' dir='ltr'>des</span> <span class='ocrx_word' id='word_1_201' title='bbox 1030 2131 1157 2196; x_wconf 81' lang='lat' dir='ltr'>Folgande</span> 
     </span>
     <span class='ocr_line' id='line_1_22' title="bbox 80 2198 1156 2265; baseline 0 -15"><span class='ocrx_word' id='word_1_202' title='bbox 80 2200 153 2250; x_wconf 88' lang='lat' dir='ltr'>nicht</span> <span class='ocrx_word' id='word_1_203' title='bbox 181 2198 208 2248; x_wconf 90' lang='lat' dir='ltr'>in</span> <span class='ocrx_word' id='word_1_204' title='bbox 233 2200 312 2249; x_wconf 87' lang='lat' dir='ltr'>einen</span> <span class='ocrx_word' id='word_1_205' title='bbox 331 2200 492 2250; x_wconf 83' lang='lat' dir='ltr'>effectvollen</span> <span class='ocrx_word' id='word_1_206' title='bbox 517 2199 672 2264; x_wconf 78' lang='lat' dir='ltr'>Gegensatze</span> <span class='ocrx_word' id='word_1_207' title='bbox 697 2219 728 2251; x_wconf 87' lang='lat' dir='ltr'>zn</span> <span class='ocrx_word' id='word_1_208' title='bbox 755 2203 808 2252; x_wconf 89' lang='lat' dir='ltr'>dem</span> <span class='ocrx_word' id='word_1_209' title='bbox 827 2201 1055 2265; x_wconf 79' lang='lat' dir='ltr'>Vorhergehenden</span> <span class='ocrx_word' id='word_1_210' title='bbox 1078 2201 1156 2263; x_wconf 84' lang='lat' dir='ltr'>steht,</span> 
     </span>
     <span class='ocr_line' id='line_1_23' title="bbox 82 2269 994 2333; baseline 0.001 -14"><span class='ocrx_word' id='word_1_211' title='bbox 82 2269 194 2319; x_wconf 84' lang='lat' dir='ltr'>sondern</span> <span class='ocrx_word' id='word_1_212' title='bbox 217 2284 264 2318; x_wconf 84' lang='lat' dir='ltr'>nnn</span> <span class='ocrx_word' id='word_1_213' title='bbox 283 2269 355 2318; x_wconf 91' lang='lat' dir='ltr'>einen</span> <span class='ocrx_word' id='word_1_214' title='bbox 375 2269 494 2319; x_wconf 81' lang='lat' dir='ltr'>weitenen</span> <span class='ocrx_word' id='word_1_215' title='bbox 514 2270 588 2333; x_wconf 83' lang='lat' dir='ltr'>Beleg</span> <span class='ocrx_word' id='word_1_216' title='bbox 604 2269 645 2320; x_wconf 81' lang='lat' dir='ltr'>liin</span> <span class='ocrx_word' id='word_1_217' title='bbox 663 2270 771 2320; x_wconf 90' lang='lat' dir='ltr'>dieselbe</span> <span class='ocrx_word' id='word_1_218' title='bbox 790 2269 871 2319; x_wconf 87' lang='lat' dir='ltr'>Sache</span> <span class='ocrx_word' id='word_1_219' title='bbox 889 2271 994 2320; x_wconf 84' lang='lat' dir='ltr'>enthiilt.</span> 
     </span>
    </p>

    <p class='ocr_par' dir='ltr' id='par_1_11' title="bbox 166 2337 925 2404">
     <span class='ocr_line' id='line_1_24' title="bbox 166 2337 925 2404; baseline 0.007 -19"><span class='ocrx_word' id='word_1_220' title='bbox 166 2341 280 2402; x_wconf 71' lang='lat' dir='ltr'>stupendi</span> <span class='ocrx_word' id='word_1_221' title='bbox 296 2356 352 2388; x_wconf 82' lang='lat' dir='ltr'>urs:</span> <span class='ocrx_word' id='word_1_222' title='bbox 373 2340 417 2387; x_wconf 83' lang='lat' dir='ltr'>den</span> <span class='ocrx_word' id='word_1_223' title='bbox 439 2338 576 2388; x_wconf 87' lang='lat' dir='ltr'>klassischo</span> <span class='ocrx_word' id='word_1_224' title='bbox 594 2338 725 2389; x_wconf 80' lang='lat' dir='ltr'>Ausdnuck</span> <span class='ocrx_word' id='word_1_225' title='bbox 743 2337 785 2388; x_wconf 77' lang='lat' dir='ltr'>liin</span> <span class='ocrx_word' id='word_1_226' title='bbox 802 2337 925 2404; x_wconf 82' lang='lat' dir='ltr'>Sculptur.</span> 
     </span>
    </p>

    <p class='ocr_par' dir='ltr' id='par_1_12' title="bbox 80 2405 1158 2869">
     <span class='ocr_line' id='line_1_25' title="bbox 174 2405 1157 2472; baseline -0.002 -16"><span class='ocrx_word' id='word_1_227' title='bbox 174 2405 255 2472; x_wconf 79' lang='lat' dir='ltr'>Myro,</span> <span class='ocrx_word' id='word_1_228' title='bbox 281 2421 325 2456; x_wconf 87' lang='lat' dir='ltr'>ans</span> <span class='ocrx_word' id='word_1_229' title='bbox 343 2405 479 2456; x_wconf 70' lang='lat' dir='ltr'>Eleutheri</span> <span class='ocrx_word' id='word_1_230' title='bbox 504 2407 628 2471; x_wconf 71' lang='lat' dir='ltr'>gabiis-sig,</span> <span class='ocrx_word' id='word_1_231' title='bbox 651 2424 707 2456; x_wconf 83' lang='lat' dir='ltr'>wan</span> <span class='ocrx_word' id='word_1_232' title='bbox 730 2407 891 2470; x_wconf 74' lang='lat' dir='ltr'>Zeitgenosse</span> <span class='ocrx_word' id='word_1_233' title='bbox 915 2408 958 2456; x_wconf 91' lang='lat' dir='ltr'>des</span> <span class='ocrx_word' id='word_1_234' title='bbox 981 2405 1084 2456; x_wconf 80' lang='lat' dir='ltr'>Phidias</span> <span class='ocrx_word' id='word_1_235' title='bbox 1108 2407 1157 2455; x_wconf 90' lang='lat' dir='ltr'>und</span> 
     </span>
     <span class='ocr_line' id='line_1_26' title="bbox 82 2473 1157 2540; baseline 0.001 -16"><span class='ocrx_word' id='word_1_236' title='bbox 82 2473 207 2540; x_wconf 76' lang='lat' dir='ltr'>Polpklet</span> <span class='ocrx_word' id='word_1_237' title='bbox 226 2479 276 2537; x_wconf 89' lang='lat' dir='ltr'>(um</span> <span class='ocrx_word' id='word_1_238' title='bbox 296 2479 346 2527; x_wconf 83' lang='grc'>432</span> <span class='ocrx_word' id='word_1_239' title='bbox 362 2491 384 2524; x_wconf 83' lang='grc' dir='ltr'>ν.</span> <span class='ocrx_word' id='word_1_240' title='bbox 396 2475 466 2540; x_wconf 77' lang='lat' dir='ltr'>Chi.)</span> <span class='ocrx_word' id='word_1_241' title='bbox 483 2477 532 2524; x_wconf 88' lang='lat' dir='ltr'>und</span> <span class='ocrx_word' id='word_1_242' title='bbox 553 2477 630 2526; x_wconf 83' lang='lat' dir='ltr'>durch</span> <span class='ocrx_word' id='word_1_243' title='bbox 649 2475 688 2526; x_wconf 87' lang='lat' dir='ltr'>dic</span> <span class='ocrx_word' id='word_1_244' title='bbox 705 2476 859 2526; x_wconf 81' lang='lat' dir='ltr'>Natuntnene</span> <span class='ocrx_word' id='word_1_245' title='bbox 875 2475 958 2526; x_wconf 88' lang='lat' dir='ltr'>seiner</span> <span class='ocrx_word' id='word_1_246' title='bbox 969 2475 1074 2538; x_wconf 86' lang='lat' dir='ltr'>Wenke‚</span> <span class='ocrx_word' id='word_1_247' title='bbox 1093 2475 1157 2525; x_wconf 89' lang='lat' dir='ltr'>wel-</span> 
     </span>
     <span class='ocr_line' id='line_1_27' title="bbox 80 2543 1158 2608; baseline 0.001 -15"><span class='ocrx_word' id='word_1_248' title='bbox 80 2545 128 2593; x_wconf 88' lang='lat' dir='ltr'>che</span> <span class='ocrx_word' id='word_1_249' title='bbox 148 2543 242 2606; x_wconf 85' lang='lat' dir='ltr'>jodoch</span> <span class='ocrx_word' id='word_1_250' title='bbox 270 2559 316 2592; x_wconf 86' lang='lat' dir='ltr'>von</span> <span class='ocrx_word' id='word_1_251' title='bbox 342 2543 412 2593; x_wconf 80' lang='lat' dir='ltr'>einen</span> <span class='ocrx_word' id='word_1_252' title='bbox 430 2544 552 2608; x_wconf 81' lang='lat' dir='ltr'>gcwissen</span> <span class='ocrx_word' id='word_1_253' title='bbox 571 2544 676 2608; x_wconf 81' lang='lat' dir='ltr'>Strenge</span> <span class='ocrx_word' id='word_1_254' title='bbox 703 2547 773 2594; x_wconf 89' lang='lat' dir='ltr'>nicht</span> <span class='ocrx_word' id='word_1_255' title='bbox 796 2543 843 2594; x_wconf 85' lang='lat' dir='ltr'>lrei</span> <span class='ocrx_word' id='word_1_256' title='bbox 864 2560 926 2608; x_wconf 79' lang='lat' dir='ltr'>wan,</span> <span class='ocrx_word' id='word_1_257' title='bbox 950 2544 1073 2597; x_wconf 82' lang='lat' dir='ltr'>heriihmt.</span> <span class='ocrx_word' id='word_1_258' title='bbox 1111 2543 1158 2594; x_wconf 77' lang='lat' dir='ltr'>Am</span> 
     </span>
     <span class='ocr_line' id='line_1_28' title="bbox 81 2611 1156 2679; baseline 0 -17"><span class='ocrx_word' id='word_1_259' title='bbox 81 2612 191 2662; x_wconf 87' lang='lat' dir='ltr'>meisten</span> <span class='ocrx_word' id='word_1_260' title='bbox 212 2612 296 2662; x_wconf 83' lang='lat' dir='ltr'>wurde</span> <span class='ocrx_word' id='word_1_261' title='bbox 317 2613 395 2662; x_wconf 87' lang='lat' dir='ltr'>neben</span> <span class='ocrx_word' id='word_1_262' title='bbox 413 2613 505 2662; x_wconf 89' lang='lat' dir='ltr'>seinem</span> <span class='ocrx_word' id='word_1_263' title='bbox 525 2611 711 2663; x_wconf 83' lang='lat' dir='ltr'>Disloswerfen</span> <span class='ocrx_word' id='word_1_264' title='bbox 729 2614 768 2663; x_wconf 92' lang='lat' dir='ltr'>die</span> <span class='ocrx_word' id='word_1_265' title='bbox 788 2612 845 2663; x_wconf 75' lang='lat' dir='ltr'>liuh</span> <span class='ocrx_word' id='word_1_266' title='bbox 870 2613 1000 2664; x_wconf 86' lang='lat' dir='ltr'>desselben</span> <span class='ocrx_word' id='word_1_267' title='bbox 1018 2613 1156 2679; x_wconf 81' lang='lat' dir='ltr'>gepniesen,</span> 
     </span>
     <span class='ocr_line' id='line_1_29' title="bbox 81 2680 1158 2746; baseline 0.003 -17"><span class='ocrx_word' id='word_1_268' title='bbox 81 2681 180 2730; x_wconf 85' lang='lat' dir='ltr'>welche</span> <span class='ocrx_word' id='word_1_269' title='bbox 195 2680 282 2731; x_wconf 83' lang='lat' dir='ltr'>llinten</span> <span class='ocrx_word' id='word_1_270' title='bbox 303 2697 331 2730; x_wconf 89' lang='lat' dir='ltr'>so</span> <span class='ocrx_word' id='word_1_271' title='bbox 349 2683 484 2746; x_wconf 81' lang='lat' dir='ltr'>getiiuscht</span> <span class='ocrx_word' id='word_1_272' title='bbox 495 2682 575 2732; x_wconf 88' lang='lat' dir='ltr'>haben</span> <span class='ocrx_word' id='word_1_273' title='bbox 596 2683 653 2745; x_wconf 94' lang='lat' dir='ltr'>soll,</span> <span class='ocrx_word' id='word_1_274' title='bbox 672 2683 729 2731; x_wconf 89' lang='lat' dir='ltr'>dass</span> <span class='ocrx_word' id='word_1_275' title='bbox 749 2683 785 2732; x_wconf 90' lang='lat' dir='ltr'>sie</span> <span class='ocrx_word' id='word_1_276' title='bbox 801 2683 863 2731; x_wconf 89' lang='lat' dir='ltr'>nach</span> <span class='ocrx_word' id='word_1_277' title='bbox 880 2681 921 2730; x_wconf 85' lang='lat' dir='ltr'>ihn</span> <span class='ocrx_word' id='word_1_278' title='bbox 938 2681 1041 2745; x_wconf 78' lang='lat' dir='ltr'>weilos,</span> <span class='ocrx_word' id='word_1_279' title='bbox 1062 2697 1103 2731; x_wconf 89' lang='lat' dir='ltr'>um</span> <span class='ocrx_word' id='word_1_280' title='bbox 1121 2681 1158 2732; x_wconf 88' lang='lat' dir='ltr'>sie</span> 
     </span>
     <span class='ocr_line' id='line_1_30' title="bbox 81 2748 1157 2867; baseline 0.002 -69"><span class='ocrx_word' id='word_1_281' title='bbox 81 2765 137 2798; x_wconf 91' lang='lat' dir='ltr'>zum</span> <span class='ocrx_word' id='word_1_282' title='bbox 156 2748 301 2867; x_wconf 51' lang='lat' dir='ltr'>Fomfiehen</span> <span class='ocrx_word' id='word_1_283' title='bbox 320 2766 350 2800; x_wconf 90' lang='lat' dir='ltr'>zn</span> <span class='ocrx_word' id='word_1_284' title='bbox 368 2750 496 2814; x_wconf 76' lang='lat' dir='ltr'>ben&#39;egen.</span> <span class='ocrx_word' id='word_1_285' title='bbox 531 2751 644 2802; x_wconf 84' lang='lat' dir='ltr'>Bekannt</span> <span class='ocrx_word' id='word_1_286' title='bbox 662 2751 698 2800; x_wconf 87' lang='lat' dir='ltr'>ist</span> <span class='ocrx_word' id='word_1_287' title='bbox 716 2749 821 2801; x_wconf 73' lang='lat' dir='ltr'>Gdthe&#39;s</span> <span class='ocrx_word' id='word_1_288' title='bbox 839 2748 944 2800; x_wconf 83' lang='lat' dir='ltr'>Aulsatz</span> <span class='ocrx_word' id='word_1_289' title='bbox 963 2751 1025 2800; x_wconf 81' lang='lat' dir='ltr'>iihen</span> <span class='ocrx_word' id='word_1_290' title='bbox 1041 2751 1080 2800; x_wconf 91' lang='lat' dir='ltr'>die</span> <span class='ocrx_word' id='word_1_291' title='bbox 1098 2748 1157 2816; x_wconf 85' lang='lat' dir='ltr'>My-</span> 
     </span>
     <span class='ocr_line' id='line_1_31' title="bbox 81 2816 285 2869; baseline 0.01 -3"><span class='ocrx_word' id='word_1_292' title='bbox 81 2817 198 2868; x_wconf 79' lang='lat' dir='ltr'>ronisehe</span> <span class='ocrx_word' id='word_1_293' title='bbox 232 2816 285 2869; x_wconf 80' lang='lat' dir='ltr'>&#39;uh</span> 
     </span>
    </p>

    <p class='ocr_par' dir='ltr' id='par_1_13' title="bbox 81 2885 1157 3433">
     <span class='ocr_line' id='line_1_32' title="bbox 172 2885 1157 2954; baseline 0.001 -18"><span class='ocrx_word' id='word_1_294' title='bbox 172 2886 293 2953; x_wconf 77' lang='lat' dir='ltr'>Polyklel</span> <span class='ocrx_word' id='word_1_295' title='bbox 308 2902 357 2936; x_wconf 91' lang='lat' dir='ltr'>von</span> <span class='ocrx_word' id='word_1_296' title='bbox 379 2886 472 2952; x_wconf 82' lang='lat' dir='ltr'>Sicyon</span> <span class='ocrx_word' id='word_1_297' title='bbox 491 2886 521 2954; x_wconf 83' lang='lat' dir='ltr'>(s.</span> <span class='ocrx_word' id='word_1_298' title='bbox 542 2904 564 2938; x_wconf 89' lang='lat' dir='ltr'>z.</span> <span class='ocrx_word' id='word_1_299' title='bbox 586 2885 615 2938; x_wconf 91' lang='lat' dir='ltr'>ll.</span> <span class='ocrx_word' id='word_1_300' title='bbox 633 2891 671 2951; x_wconf 80' lang='lat'>16,</span> <span class='ocrx_word' id='word_1_301' title='bbox 687 2887 730 2952; x_wconf 74' lang='lat' dir='ltr'>to)</span> <span class='ocrx_word' id='word_1_302' title='bbox 749 2888 916 2954; x_wconf 70' lang='lat' dir='ltr'>reprisentint</span> <span class='ocrx_word' id='word_1_303' title='bbox 937 2889 983 2937; x_wconf 91' lang='lat' dir='ltr'>den</span> <span class='ocrx_word' id='word_1_304' title='bbox 1000 2887 1157 2940; x_wconf 81' lang='lat' dir='ltr'>Fontschnitt</span> 
     </span>
     <span class='ocr_line' id='line_1_33' title="bbox 82 2953 1157 3023; baseline 0.001 -18"><span class='ocrx_word' id='word_1_305' title='bbox 82 2971 139 3005; x_wconf 89' lang='lat' dir='ltr'>zum</span> <span class='ocrx_word' id='word_1_306' title='bbox 162 2963 305 3019; x_wconf 80' lang='lat' dir='ltr'>strengsten</span> <span class='ocrx_word' id='word_1_307' title='bbox 320 2953 454 3005; x_wconf 83' lang='lat' dir='ltr'>llbenmass</span> <span class='ocrx_word' id='word_1_308' title='bbox 471 2955 495 3004; x_wconf 88' lang='lat' dir='ltr'>in</span> <span class='ocrx_word' id='word_1_309' title='bbox 515 2957 562 3006; x_wconf 89' lang='lat' dir='ltr'>den</span> <span class='ocrx_word' id='word_1_310' title='bbox 579 2957 730 3022; x_wconf 86' lang='lat' dir='ltr'>plastischen</span> <span class='ocrx_word' id='word_1_311' title='bbox 750 2957 949 3020; x_wconf 80' lang='lat' dir='ltr'>llanstellungen,</span> <span class='ocrx_word' id='word_1_312' title='bbox 968 2957 1087 3007; x_wconf 68' lang='lat' dir='ltr'>wihrentl</span> <span class='ocrx_word' id='word_1_313' title='bbox 1101 2955 1157 3023; x_wconf 81' lang='lat' dir='ltr'>Ly-</span> 
     </span>
     <span class='ocr_line' id='line_1_34' title="bbox 82 3023 1156 3092; baseline 0.002 -18"><span class='ocrx_word' id='word_1_314' title='bbox 82 3025 169 3092; x_wconf 88' lang='lat' dir='ltr'>sippus</span> <span class='ocrx_word' id='word_1_315' title='bbox 192 3040 238 3074; x_wconf 87' lang='lat' dir='ltr'>aus</span> <span class='ocrx_word' id='word_1_316' title='bbox 256 3023 357 3090; x_wconf 76' lang='lat' dir='ltr'>Sicyon,</span> <span class='ocrx_word' id='word_1_317' title='bbox 382 3025 426 3074; x_wconf 86' lang='lat' dir='ltr'>der</span> <span class='ocrx_word' id='word_1_318' title='bbox 445 3023 607 3088; x_wconf 81' lang='lat' dir='ltr'>Zeilgenosse</span> <span class='ocrx_word' id='word_1_319' title='bbox 627 3026 782 3076; x_wconf 78' lang='lat' dir='ltr'>Alexandens</span> <span class='ocrx_word' id='word_1_320' title='bbox 802 3027 824 3075; x_wconf 95' lang='lat' dir='ltr'>d.</span> <span class='ocrx_word' id='word_1_321' title='bbox 845 3024 896 3087; x_wconf 78' lang='lat' dir='ltr'>Gn,</span> <span class='ocrx_word' id='word_1_322' title='bbox 917 3027 987 3075; x_wconf 81' lang='lat' dir='ltr'>mohs·</span> <span class='ocrx_word' id='word_1_323' title='bbox 1005 3027 1083 3076; x_wconf 80' lang='lat' dir='ltr'>dunch</span> <span class='ocrx_word' id='word_1_324' title='bbox 1101 3025 1156 3076; x_wconf 88' lang='lat' dir='ltr'>cine</span> 
     </span>
     <span class='ocr_line' id='line_1_35' title="bbox 82 3091 1157 3157; baseline 0.001 -15"><span class='ocrx_word' id='word_1_325' title='bbox 82 3093 229 3157; x_wconf 85' lang='lat' dir='ltr'>anmuthige</span> <span class='ocrx_word' id='word_1_326' title='bbox 250 3091 350 3143; x_wconf 82' lang='lat' dir='ltr'>Gestalt</span> <span class='ocrx_word' id='word_1_327' title='bbox 368 3094 451 3142; x_wconf 83' lang='lat' dir='ltr'>scinci·</span> <span class='ocrx_word' id='word_1_328' title='bbox 461 3093 555 3143; x_wconf 81' lang='lat' dir='ltr'>Wenke</span> <span class='ocrx_word' id='word_1_329' title='bbox 574 3111 604 3144; x_wconf 90' lang='lat' dir='ltr'>zn</span> <span class='ocrx_word' id='word_1_330' title='bbox 626 3092 716 3144; x_wconf 90' lang='lat' dir='ltr'>lesseln</span> <span class='ocrx_word' id='word_1_331' title='bbox 735 3097 830 3144; x_wconf 89' lang='lat' dir='ltr'>suchte.</span> <span class='ocrx_word' id='word_1_332' title='bbox 849 3094 994 3145; x_wconf 80' lang='lat' dir='ltr'>Alexander</span> <span class='ocrx_word' id='word_1_333' title='bbox 1004 3095 1091 3146; x_wconf 88' lang='lat' dir='ltr'>wollte</span> <span class='ocrx_word' id='word_1_334' title='bbox 1104 3094 1157 3145; x_wconf 87' lang='lat' dir='ltr'>sich</span> 
     </span>
     <span class='ocr_line' id='line_1_36' title="bbox 82 3161 1157 3226; baseline 0.004 -16"><span class='ocrx_word' id='word_1_335' title='bbox 82 3179 130 3211; x_wconf 83' lang='lat' dir='ltr'>nnn</span> <span class='ocrx_word' id='word_1_336' title='bbox 152 3178 202 3210; x_wconf 90' lang='lat' dir='ltr'>von</span> <span class='ocrx_word' id='word_1_337' title='bbox 223 3162 275 3210; x_wconf 90' lang='lat' dir='ltr'>ihm</span> <span class='ocrx_word' id='word_1_338' title='bbox 293 3161 430 3212; x_wconf 82' lang='lat' dir='ltr'>danstellen</span> <span class='ocrx_word' id='word_1_339' title='bbox 450 3161 540 3212; x_wconf 90' lang='lat' dir='ltr'>lassen.</span> <span class='ocrx_word' id='word_1_340' title='bbox 571 3162 628 3226; x_wconf 78' lang='lat' dir='ltr'>Vgl.</span> <span class='ocrx_word' id='word_1_341' title='bbox 647 3162 709 3214; x_wconf 87' lang='lat' dir='ltr'>Plio.</span> <span class='ocrx_word' id='word_1_342' title='bbox 728 3164 787 3213; x_wconf 84' lang='lat' dir='ltr'>hist.</span> <span class='ocrx_word' id='word_1_343' title='bbox 807 3181 831 3213; x_wconf 93' lang='lat' dir='ltr'>n.</span> <span class='ocrx_word' id='word_1_344' title='bbox 852 3161 975 3214; x_wconf 85' lang='lat' dir='ltr'>XXXIV.</span> <span class='ocrx_word' id='word_1_345' title='bbox 997 3166 1037 3224; x_wconf 87' lang='grc'>19,</span> <span class='ocrx_word' id='word_1_346' title='bbox 1056 3167 1084 3216; x_wconf 86' lang='lat'>6:</span> <span class='ocrx_word' id='word_1_347' title='bbox 1104 3167 1157 3214; x_wconf 77' lang='lat' dir='ltr'>Sta·</span> 
     </span>
     <span class='ocr_line' id='line_1_37' title="bbox 84 3233 1157 3295; baseline 0.001 -15"><span class='ocrx_word' id='word_1_348' title='bbox 84 3236 180 3281; x_wconf 79' lang='lat' dir='ltr'>tuuriac</span> <span class='ocrx_word' id='word_1_349' title='bbox 197 3235 248 3281; x_wconf 81' lang='lat' dir='ltr'>orti</span> <span class='ocrx_word' id='word_1_350' title='bbox 265 3235 401 3291; x_wconf 77' lang='lat' dir='ltr'>plurimum</span> <span class='ocrx_word' id='word_1_351' title='bbox 423 3233 529 3281; x_wconf 80' lang='lat' dir='ltr'>traditur</span> <span class='ocrx_word' id='word_1_352' title='bbox 553 3235 679 3284; x_wconf 76' lang='lat' dir='ltr'>contulisse</span> <span class='ocrx_word' id='word_1_353' title='bbox 696 3237 808 3293; x_wconf 76' lang='lat' dir='ltr'>capillum</span> <span class='ocrx_word' id='word_1_354' title='bbox 827 3237 986 3295; x_wconf 74' lang='lat' dir='ltr'>exprimendo,</span> <span class='ocrx_word' id='word_1_355' title='bbox 1014 3237 1092 3295; x_wconf 79' lang='lat' dir='ltr'>capitu</span> <span class='ocrx_word' id='word_1_356' title='bbox 1110 3235 1157 3282; x_wconf 87' lang='lat' dir='ltr'>mi-</span> 
     </span>
     <span class='ocr_line' id='line_1_38' title="bbox 81 3302 1157 3367; baseline 0.002 -18"><span class='ocrx_word' id='word_1_357' title='bbox 81 3317 144 3349; x_wconf 85' lang='lat' dir='ltr'>nora</span> <span class='ocrx_word' id='word_1_358' title='bbox 154 3302 283 3365; x_wconf 74' lang='lat' dir='ltr'>jaciendo,</span> <span class='ocrx_word' id='word_1_359' title='bbox 302 3318 374 3363; x_wconf 82' lang='lat' dir='ltr'>quam</span> <span class='ocrx_word' id='word_1_360' title='bbox 391 3303 495 3364; x_wconf 81' lang='lat' dir='ltr'>antiqui,</span> <span class='ocrx_word' id='word_1_361' title='bbox 519 3317 620 3362; x_wconf 76' lang='lat' dir='ltr'>corpora</span> <span class='ocrx_word' id='word_1_362' title='bbox 638 3307 769 3366; x_wconf 75' lang='lat' dir='ltr'>prosiliere</span> <span class='ocrx_word' id='word_1_363' title='bbox 786 3306 941 3366; x_wconf 77' lang='lat' dir='ltr'>siccioraque,</span> <span class='ocrx_word' id='word_1_364' title='bbox 958 3319 1005 3363; x_wconf 81' lang='lat' dir='ltr'>per</span> <span class='ocrx_word' id='word_1_365' title='bbox 1021 3319 1082 3367; x_wconf 82' lang='lat' dir='ltr'>quac</span> <span class='ocrx_word' id='word_1_366' title='bbox 1094 3317 1157 3360; x_wconf 80' lang='lat' dir='ltr'>pro-</span> 
     </span>
     <span class='ocr_line' id='line_1_39' title="bbox 81 3372 550 3433; baseline 0.002 -15"><span class='ocrx_word' id='word_1_367' title='bbox 81 3375 169 3420; x_wconf 77' lang='lat' dir='ltr'>ceritas</span> <span class='ocrx_word' id='word_1_368' title='bbox 186 3372 313 3433; x_wconf 73' lang='lat' dir='ltr'>sipuorum</span> <span class='ocrx_word' id='word_1_369' title='bbox 327 3372 405 3418; x_wconf 84' lang='lat' dir='ltr'>maior</span> <span class='ocrx_word' id='word_1_370' title='bbox 421 3373 550 3419; x_wconf 74' lang='lat' dir='ltr'>videretur.</span> 
     </span>
    </p>

    <p class='ocr_par' dir='ltr' id='par_1_14' title="bbox 168 3435 665 3500">
     <span class='ocr_line' id='line_1_40' title="bbox 168 3435 665 3500; baseline -0.002 -12"><span class='ocrx_word' id='word_1_371' title='bbox 168 3442 294 3500; x_wconf 82' lang='lat' dir='ltr'>ratioque:</span> <span class='ocrx_word' id='word_1_372' title='bbox 313 3438 361 3485; x_wconf 88' lang='lat' dir='ltr'>und</span> <span class='ocrx_word' id='word_1_373' title='bbox 380 3435 472 3487; x_wconf 86' lang='lat' dir='ltr'>Gesetz</span> <span class='ocrx_word' id='word_1_374' title='bbox 491 3438 530 3486; x_wconf 93' lang='lat' dir='ltr'>od.</span> <span class='ocrx_word' id='word_1_375' title='bbox 549 3436 665 3488; x_wconf 82' lang='lat' dir='ltr'>Theonis.</span> 
     </span>
    </p>

    <p class='ocr_par' dir='ltr' id='par_1_15' title="bbox 81 3504 1157 3844">
     <span class='ocr_line' id='line_1_41' title="bbox 168 3504 1156 3570; baseline -0.004 -16"><span class='ocrx_word' id='word_1_376' title='bbox 168 3506 264 3555; x_wconf 81' lang='lat' dir='ltr'>Zeuxis</span> <span class='ocrx_word' id='word_1_377' title='bbox 289 3521 333 3555; x_wconf 86' lang='lat' dir='ltr'>aus</span> <span class='ocrx_word' id='word_1_378' title='bbox 353 3505 476 3555; x_wconf 83' lang='lat' dir='ltr'>llereklee</span> <span class='ocrx_word' id='word_1_379' title='bbox 505 3506 530 3554; x_wconf 94' lang='lat' dir='ltr'>in</span> <span class='ocrx_word' id='word_1_380' title='bbox 548 3504 718 3558; x_wconf 65' lang='lat' dir='ltr'>Untcnitalien,</span> <span class='ocrx_word' id='word_1_381' title='bbox 738 3506 806 3556; x_wconf 88' lang='lat' dir='ltr'>lebte</span> <span class='ocrx_word' id='word_1_382' title='bbox 827 3506 946 3556; x_wconf 81' lang='lat' dir='ltr'>wiihnend</span> <span class='ocrx_word' id='word_1_383' title='bbox 971 3506 1015 3555; x_wconf 90' lang='lat' dir='ltr'>des</span> <span class='ocrx_word' id='word_1_384' title='bbox 1040 3505 1156 3570; x_wconf 90' lang='lat' dir='ltr'>pelopon-</span> 
     </span>
     <span class='ocr_line' id='line_1_42' title="bbox 82 3570 1157 3638; baseline -0.002 -16"><span class='ocrx_word' id='word_1_385' title='bbox 82 3575 216 3625; x_wconf 89' lang='lat' dir='ltr'>nesischen</span> <span class='ocrx_word' id='word_1_386' title='bbox 235 3571 341 3638; x_wconf 76' lang='lat' dir='ltr'>lirieges</span> <span class='ocrx_word' id='word_1_387' title='bbox 356 3575 406 3624; x_wconf 90' lang='lat' dir='ltr'>und</span> <span class='ocrx_word' id='word_1_388' title='bbox 428 3575 524 3624; x_wconf 82' lang='lat' dir='ltr'>stnebte</span> <span class='ocrx_word' id='word_1_389' title='bbox 543 3574 568 3624; x_wconf 86' lang='lat' dir='ltr'>iu</span> <span class='ocrx_word' id='word_1_390' title='bbox 588 3576 673 3625; x_wconf 89' lang='lat' dir='ltr'>seinen</span> <span class='ocrx_word' id='word_1_391' title='bbox 687 3573 824 3625; x_wconf 80' lang='lat' dir='ltr'>Gemiilden</span> <span class='ocrx_word' id='word_1_392' title='bbox 839 3575 929 3624; x_wconf 90' lang='lat' dir='ltr'>ebenso</span> <span class='ocrx_word' id='word_1_393' title='bbox 945 3575 1007 3624; x_wconf 83' lang='lat' dir='ltr'>nach</span> <span class='ocrx_word' id='word_1_394' title='bbox 1022 3570 1157 3636; x_wconf 81' lang='lat' dir='ltr'>geldlliger</span> 
     </span>
     <span class='ocr_line' id='line_1_43' title="bbox 83 3641 1157 3708; baseline -0.004 -15"><span class='ocrx_word' id='word_1_395' title='bbox 83 3642 156 3694; x_wconf 80' lang='lat' dir='ltr'>Form</span> <span class='ocrx_word' id='word_1_396' title='bbox 163 3642 444 3708; x_wconf 76' lang='lat' dir='ltr'>alsnachllaturtreue,</span> <span class='ocrx_word' id='word_1_397' title='bbox 463 3644 558 3694; x_wconf 80' lang='lat' dir='ltr'>welche</span> <span class='ocrx_word' id='word_1_398' title='bbox 576 3643 701 3694; x_wconf 89' lang='lat' dir='ltr'>inscinem</span> <span class='ocrx_word' id='word_1_399' title='bbox 708 3643 785 3706; x_wconf 78' lang='lat' dir='ltr'>hilde,</span> <span class='ocrx_word' id='word_1_400' title='bbox 798 3643 844 3694; x_wconf 85' lang='lat' dir='ltr'>aul</span> <span class='ocrx_word' id='word_1_401' title='bbox 848 3643 965 3693; x_wconf 89' lang='lat' dir='ltr'>welchem</span> <span class='ocrx_word' id='word_1_402' title='bbox 972 3641 1087 3691; x_wconf 83' lang='lat' dir='ltr'>Treuben</span> <span class='ocrx_word' id='word_1_403' title='bbox 1097 3641 1157 3690; x_wconf 84' lang='lat' dir='ltr'>der-</span> 
     </span>
     <span class='ocr_line' id='line_1_44' title="bbox 81 3711 1157 3776; baseline -0.002 -15"><span class='ocrx_word' id='word_1_404' title='bbox 81 3712 188 3774; x_wconf 76' lang='lat' dir='ltr'>gestellt</span> <span class='ocrx_word' id='word_1_405' title='bbox 207 3726 301 3774; x_wconf 83' lang='lat' dir='ltr'>waren,</span> <span class='ocrx_word' id='word_1_406' title='bbox 321 3711 361 3761; x_wconf 90' lang='lat' dir='ltr'>die</span> <span class='ocrx_word' id='word_1_407' title='bbox 375 3712 455 3776; x_wconf 74' lang='lat' dir='ltr'>Vigel</span> <span class='ocrx_word' id='word_1_408' title='bbox 471 3728 499 3762; x_wconf 90' lang='lat' dir='ltr'>so</span> <span class='ocrx_word' id='word_1_409' title='bbox 518 3713 651 3776; x_wconf 72' lang='lat' dir='ltr'>gelliuscht</span> <span class='ocrx_word' id='word_1_410' title='bbox 664 3712 744 3762; x_wconf 85' lang='lat' dir='ltr'>haben</span> <span class='ocrx_word' id='word_1_411' title='bbox 763 3712 820 3775; x_wconf 94' lang='lat' dir='ltr'>soll,</span> <span class='ocrx_word' id='word_1_412' title='bbox 839 3714 896 3762; x_wconf 85' lang='lat' dir='ltr'>dass</span> <span class='ocrx_word' id='word_1_413' title='bbox 908 3711 945 3761; x_wconf 88' lang='lat' dir='ltr'>sie</span> <span class='ocrx_word' id='word_1_414' title='bbox 960 3711 1055 3760; x_wconf 87' lang='lat' dir='ltr'>danaeh</span> <span class='ocrx_word' id='word_1_415' title='bbox 1069 3712 1157 3774; x_wconf 79' lang='lat' dir='ltr'>llogen.</span> 
     </span>
     <span class='ocr_line' id='line_1_45' title="bbox 81 3780 507 3844; baseline -0.002 -15"><span class='ocrx_word' id='word_1_416' title='bbox 81 3780 159 3832; x_wconf 83' lang='lat' dir='ltr'>llinen</span> <span class='ocrx_word' id='word_1_417' title='bbox 178 3780 263 3832; x_wconf 83' lang='lat' dir='ltr'>scinci·</span> <span class='ocrx_word' id='word_1_418' title='bbox 282 3780 432 3844; x_wconf 78' lang='lat' dir='ltr'>Vorgiingar</span> <span class='ocrx_word' id='word_1_419' title='bbox 453 3796 507 3830; x_wconf 79' lang='lat' dir='ltr'>wan</span> 
     </span>
    </p>

    <p class='ocr_par' dir='ltr' id='par_1_16' title="bbox 81 3847 1156 3982">
     <span class='ocr_line' id='line_1_46' title="bbox 167 3847 1156 3915; baseline -0.004 -15"><span class='ocrx_word' id='word_1_420' title='bbox 167 3849 319 3915; x_wconf 81' lang='lat' dir='ltr'>Aglaophon</span> <span class='ocrx_word' id='word_1_421' title='bbox 337 3865 382 3899; x_wconf 89' lang='lat' dir='ltr'>aus</span> <span class='ocrx_word' id='word_1_422' title='bbox 400 3847 504 3910; x_wconf 77' lang='lat' dir='ltr'>Thasos,</span> <span class='ocrx_word' id='word_1_423' title='bbox 523 3847 660 3914; x_wconf 73' lang='lat' dir='ltr'>Polygnoti</span> <span class='ocrx_word' id='word_1_424' title='bbox 680 3849 768 3910; x_wconf 74' lang='lat' dir='ltr'>Vates,</span> <span class='ocrx_word' id='word_1_425' title='bbox 797 3849 908 3898; x_wconf 86' lang='lat' dir='ltr'>walchen</span> <span class='ocrx_word' id='word_1_426' title='bbox 927 3849 997 3897; x_wconf 80' lang='lat' dir='ltr'>mehr</span> <span class='ocrx_word' id='word_1_427' title='bbox 1017 3849 1095 3898; x_wconf 85' lang='lat' dir='ltr'>durch</span> <span class='ocrx_word' id='word_1_428' title='bbox 1117 3847 1156 3896; x_wconf 90' lang='lat' dir='ltr'>die</span> 
     </span>
     <span class='ocr_line' id='line_1_47' title="bbox 81 3915 962 3982; baseline 0.001 -14"><span class='ocrx_word' id='word_1_429' title='bbox 81 3917 288 3982; x_wconf 78' lang='lat' dir='ltr'>Gnossai·tiglieit</span> <span class='ocrx_word' id='word_1_430' title='bbox 305 3919 354 3966; x_wconf 92' lang='lat' dir='ltr'>und</span> <span class='ocrx_word' id='word_1_431' title='bbox 372 3918 484 3968; x_wconf 88' lang='lat' dir='ltr'>ethische</span> <span class='ocrx_word' id='word_1_432' title='bbox 504 3917 614 3982; x_wconf 82' lang='lat' dir='ltr'>Haltung</span> <span class='ocrx_word' id='word_1_433' title='bbox 635 3917 717 3968; x_wconf 85' lang='lat' dir='ltr'>seiner</span> <span class='ocrx_word' id='word_1_434' title='bbox 734 3917 843 3981; x_wconf 78' lang='lat' dir='ltr'>Figunen</span> <span class='ocrx_word' id='word_1_435' title='bbox 863 3915 962 3969; x_wconf 85' lang='lat' dir='ltr'>wirkte.</span> 
     </span>
    </p>

    <p class='ocr_par' dir='ltr' id='par_1_17' title="bbox 166 3984 1157 4053">
     <span class='ocr_line' id='line_1_48' title="bbox 166 3984 1157 4053; baseline -0.003 -16"><span class='ocrx_word' id='word_1_436' title='bbox 166 3987 281 4053; x_wconf 78' lang='lat' dir='ltr'>Apelles,</span> <span class='ocrx_word' id='word_1_437' title='bbox 301 3987 389 4036; x_wconf 86' lang='lat' dir='ltr'>dessen</span> <span class='ocrx_word' id='word_1_438' title='bbox 407 3986 559 4037; x_wconf 81' lang='lat' dir='ltr'>Geburtsort</span> <span class='ocrx_word' id='word_1_439' title='bbox 577 3987 646 4036; x_wconf 84' lang='lat' dir='ltr'>nicht</span> <span class='ocrx_word' id='word_1_440' title='bbox 665 3986 792 4048; x_wconf 85' lang='lat' dir='ltr'>leststcht,</span> <span class='ocrx_word' id='word_1_441' title='bbox 811 3986 851 4036; x_wconf 92' lang='lat' dir='ltr'>ein</span> <span class='ocrx_word' id='word_1_442' title='bbox 869 3985 1030 4051; x_wconf 81' lang='lat' dir='ltr'>Zeitgenosse</span> <span class='ocrx_word' id='word_1_443' title='bbox 1046 3984 1157 4036; x_wconf 80' lang='lat' dir='ltr'>hlexen-</span> 
     </span>
    </p>
   </div>
   <div class='ocr_carea' id='block_1_8' title="bbox 0 0 1383 4520">
    <p class='ocr_par' dir='ltr' id='par_1_18' title="bbox 0 0 1383 4520">
     <span class='ocr_line' id='line_1_49' title="bbox 0 0 1383 4520; baseline 0 0"><span class='ocrx_word' id='word_1_444' title='bbox 0 0 1383 4520; x_wconf 95' lang='lat' dir='ltr'> </span> 
     </span>
    </p>
   </div>
  </div>
 </body>
</html>
