2750 4526
1082 107 1088 134 i

938 129 993 156 '⁵⁴⁹5
1077 147 1080 154 ι

306 321 348 371 DE
366 320 529 384 onustius,
548 323 591 402 lile
609 321 637 373 ll.
659 339 711 389 cap.
729 325 770 375 28.
790 322 807 386 ἕ
829 326 885 376 122.
906 327 963 378 123.
1127 325 1169 390 69

93 477 271 538 adsentandi
302 476 500 554 suspicionem
531 511 588 553 -‚
624 477 773 536 neminem
806 497 869 538 esse
903 487 1049 540 oratorein
1081 481 1169 558 paulo

92 564 287 624 illustriorem
316 561 442 622 arbitror
471 579 568 639 neque
598 563 742 623 Graecum
771 581 867 639 neque
896 565 1047 637 Latinum,
1079 583 1169 644 quern

95 659 176 708 aetas
199 659 301 708 nostra
322 647 429 719 tulerit,
453 665 542 724 quern
564 666 625 708 non
648 656 676 707 et
699 667 784 726 saepe
807 657 834 708 et
851 649 1168 727 diligenteraudierim.
1224 659 1227 684 ;

94 735 198 812 Itaque
221 734 245 794 si
269 732 339 811 quid
363 733 456 792 estin
479 751 542 804 nte,
566 733 724 810 quodiam
748 751 865 811 sperare
888 735 1169 812 videor,quonia1n

95 819 220 897 quidem
247 835 313 890 uos,
342 817 387 877 his
417 818 541 896 ingeniis
568 818 722 893 hominen,
756 827 868 878 tantum
898 838 1004 898 operae
1032 821 1103 880 inihi
1133 821 1170 880 ad

95 904 280 964 audiendum
301 903 383 974 datis,
406 921 441 961 ex
465 922 499 962 eo
522 912 575 972 est,
596 903 676 980 quod
700 904 772 963 nihil
793 905 949 982 quisquam
966 925 1108 984 umquam
1122 924 1170 965 nie

96 990 236 1050 audiente
264 989 321 1066 egit
350 998 462 1060 orator,
491 989 571 1065 quod
594 989 708 1048 nonin
731 989 874 1050 memoria
896 1009 960 1050 inea
982 992 1101 1073 penitus
1121 991 1169 1050 in·

95 1075 216 1134 sederit.
268 1075 369 1152 ltaque
399 1092 452 1150 ego
481 1074 522 1145 is,
557 1075 607 1152 qui
636 1093 719 1146 suin,
751 1084 1008 1152 quantuscumque
1038 1095 1104 1136 suin
1133 1077 1167 1134 ad

94 1159 305 1232 iudicandum,
335 1158 474 1217 omnibus
494 1158 599 1218 auditis
623 1159 804 1231 oratoribus,
827 1160 889 1220 sine
913 1161 969 1220 ulla
990 1160 1170 1222 dubitatione

96 1246 139 1305 sie
168 1255 264 1306 statuo
291 1252 319 1303 et
347 1243 462 1323 iudico,
490 1244 639 1303 neminem
670 1246 804 1304 omniurn
826 1255 867 1305 tot
890 1256 918 1306 et
939 1255 1032 1323 mnu,
1062 1256 1170 1325 quanta

95 1331 156 1392 sint
184 1333 217 1390 in
239 1330 361 1405 Crasso,
393 1327 530 1390 habuisse
558 1339 729 1391 ornamenta
751 1330 874 1391 dicendi.
919 1333 1014 1404 Quam
1038 1332 1074 1392 ob
1096 1349 1169 1412 reni,
1186 1335 1242 1384 123.

95 1418 120 1476 si
151 1434 207 1476 vos
236 1432 356 1492 quoque
383 1414 440 1473 hoo
466 1413 545 1474 idern
578 1415 764 1486 existimatio,
799 1433 859 1474 non
889 1418 959 1494 erit,
993 1427 1026 1478 ut
1054 1419 1170 1496 opinor,

96 1502 200 1580 iniqua
223 1500 348 1578 partitio,
372 1499 404 1570 si,
426 1518 568 1578 contego
592 1500 671 1559 hune
697 1511 851 1574 oratorem,
872 1521 961 1580 quern
986 1523 1066 1564 nuno
1082 1503 1170 1582 lingo,
1266 1531 1271 1562 t

98 1599 130 1647 ut
153 1585 275 1660 institui,
307 1601 418 1660 crearo,
448 1584 557 1656 duero,
580 1586 766 1658 consumare,
789 1587 901 1646 tradam
924 1606 992 1648 euin
1017 1589 1121 1650 Crasso
1145 1598 1172 1648 et

96 1671 283 1732 vestiendum
306 1679 334 1729 et
356 1670 532 1729 ornandum.

95 1809 191 1870 ltaque.
227 1805 273 1854 ilie
298 1819 377 1867 gunza
398 1803 502 1854 Periode
529 1803 598 1854 ahrnt
621 1805 667 1854 den
694 1819 911 1868 ungezwungenen
932 1805 1171 1870 L'nterhaltungston

101 1876 165 1924 nach
194 1875 245 1923 und
269 1874 356 1922 nitide
382 1887 491 1936 gennuer
516 1888 544 1922 so
565 1873 663 1925 lauten:
693 1877 802 1938 Namque
826 1892 880 1938 eqo,
907 1878 1112 1938 qui—arbitrer
1129 1902 1171 1936 -‚

97 1948 214 2009 quamam
231 1945 296 1992 ninii
312 1946 439 2006 quiequam
455 1968 488 1978 -
503 1944 628 2006 insederit,
647 1946 699 1992 aine
715 1947 765 1994 ulla
783 1947 928 1994 dubitatione
949 1951 997 1993 eet.
1029 1943 1086 2008 Vgl.
1105 1959 1127 1996 z.
1147 1946 1171 2005 2,
1240 1969 1242 1976 v

97 2017 129 2066 6:
150 2014 204 2070 Qua
221 2029 255 2064 να.

169 2083 258 2130 Catule.
293 2078 329 2128 Er
356 2079 455 2128 wendet
482 2078 534 2128 sich
563 2093 593 2127 un
620 2078 665 2128 den
693 2077 775 2129 leinen
801 2078 901 2131 lianner
927 2082 976 2130 und
1000 2079 1099 2130 Freund
1128 2081 1174 2129 der

100 2149 240 2210 tirieohen3
260 2148 311 2212 vgl.
331 2151 354 2210 7,
376 2151 415 2200 28.

169 2234 288 2279 riunena,
308 2216 334 2264 in
353 2217 407 2266 dem
425 2215 500 2266 Sinne
520 2232 568 2265 ron
586 2233 676 2278 amana,
695 2217 743 2267 wie
761 2215 835 2271 Tusa.
854 2218 915 2283 disp.
935 2217 953 2268 l.
966 2220 1007 2282 30,
1025 2220 1070 2270 73:
1088 2221 1173 2282 Itaque

99 2291 222 2348 duditant,
241 2291 446 2348 circumspectam,
465 2288 591 2347 lineatione,
610 2291 685 2336 multa
703 2290 803 2359 adversa
819 2304 928 2338 iuverant
945 2299 1066 2351 tamquam
1084 2291 1110 2336 in
1121 2299 1173 2338 rate

99 2360 124 2406 in
143 2360 210 2406 mari
227 2359 333 2405 inmenso
352 2364 436 2404 nostru
452 2357 546 2404 veditur
566 2358 649 2404 aratia.

169 2428 290 2475 neminem
314 2426 378 2472 stntt
395 2427 502 2484 nullum,
527 2423 576 2472 wie
598 2423 754 2487 gewohnlieh
775 2423 815 2473 bei
832 2423 1172 2487 Personenbezeiehnnngen3

101 2495 152 2558 vgl.
172 2493 191 2544 l.
212 2495 254 2554 28,
277 2495 339 2544 129;
367 2509 391 2541 ee
416 2495 494 2542 addua
520 2496 625 2554 reperire
653 2496 808 2557 discipulum,
835 2509 905 2556 quem
932 2497 1027 2556 quidem
1048 2497 1171 2555 probaret,

95 2568 206 2628 patuisse
223 2565 354 2622 neminem3
375 2559 449 2613 Taso.
470 2560 531 2625 disp.
554 2559 582 2610 V.
602 2562 643 2620 22,
663 2562 708 2612 63ε
732 2564 809 2610 addua
824 2566 941 2612 neminem
958 2566 1058 2626 eoqnom‘
1069 2569 1171 2622 poetam.

168 2647 247 2695 neque
272 2633 389 2681 &aecum
412 2646 487 2694 neque
510 2633 641 2680 Latinum:
674 2629 810 2692 allerdings
833 2629 888 2681 eine
914 2630 1106 2696 hyperbolisehe
1124 2632 1171 2679 Βο-

102 2702 232 2768 hauptung
258 2700 301 2748 des
318 2698 455 2760 Antonius,
483 2697 522 2748 die
547 2698 607 2748 aber
626 2699 696 2748 darin
715 2698 785 2747 ihren
804 2697 889 2748 Grund
910 2699 970 2760 hat,
996 2700 1052 2748 dass
1070 2714 1098 2748 er
1118 2702 1172 2748 dem

100 2769 206 2819 Crassus
233 2766 345 2816 offenbar
368 2765 394 2816 in
417 2767 471 2816 dein
498 2777 582 2817 ornata
598 2771 675 2817 diane
692 2767 738 2816 den
758 2766 875 2830 Vorrang
893 2769 957 2816 uuoh
975 2783 1022 2816 vor
1040 2769 1086 2817 den
1104 2769 1172 2832 grie-

99 2839 220 2889 chischen
246 2834 362 2886 Rednern
389 2835 510 2886 vindioirt
535 2837 593 2900 (qui
616 2840 717 2886 maxime
740 2840 821 2896 anaia,
850 2840 894 2898 qui
915 2840 979 2886 aalua
1004 2835 1098 2900 effecit).
1134 2835 1171 2884 Zu

99 2907 184 2958 Athen
197 2906 248 2956 und
263 2904 363 2954 Rhodus
376 2905 471 2955 konnte
483 2919 511 2954 or
523 2903 651 2955 immerhin
664 2904 703 2953 die
716 2903 911 2954 bedeutondsten
926 2904 1024 2954 Redner
1034 2903 1172 2954 Grieohen-

99 2977 171 3026 lands
190 2975 291 3024 konnen
309 2972 409 3040 lernen,
429 2975 480 3022 und
499 2973 539 3024 hei
557 2973 611 3023 dem
632 2971 763 3036 folgenden
781 2990 848 3040 saepe
865 2974 962 3023 moehte
981 2971 1032 3024 Cia.
1053 2973 1124 3022 mehr
1142 2990 1172 3022 an

98 3046 167 3096 seina
186 3043 276 3106 oigene
294 3039 388 3092 Person
406 3043 510 3095 danken.

168 3115 262 3174 tulerit,
277 3127 298 3161 s.
308 3127 329 3159 z.
338 3113 379 3172 22,
391 3113 437 3175 923
457 3111 600 3174 rimarunt,
614 3109 663 3159 wie
673 3127 760 3172 aenaea,
776 3120 852 3160 statua
868 3109 918 3159 und
934 3112 1025 3160 andere
1035 3110 1120 3162 Verba
1130 3111 1172 3159 des

101 3183 213 3232 Meinens
228 3181 294 3229 anch
309 3178 348 3228 die
361 3179 517 3243 Badeutnng:
537 3177 577 3230 liir
591 3179 690 3228 erlaubt
706 3179 765 3228 oder
776 3179 884 3242 miglieh
896 3179 996 3240 halten3
1014 3195 1042 3228 so
1064 3180 1089 3228 in
1099 3179 1172 3228 Verr.

100 3251 118 3302 l.
139 3254 180 3315 17,
200 3253 248 3302 50:
266 3252 296 3300 ab
314 3251 351 3298 die
368 3251 542 3311 inmortalibus,
562 3251 628 3312 quod
644 3265 740 3310 operare
758 3250 819 3298 milti
834 3252 923 3312 uideor,
941 3251 983 3299 Ιιαα
1000 3251 1061 3298 idne
1080 3257 1140 3309 opto.

168 3323 293 3370 memorie.
328 3315 410 3366 Ueber
434 3317 478 3367 das
506 3317 711 3380 ausgoneiehnete
731 3313 898 3367 Gediiehtniss
924 3318 967 3367 des
988 3317 1109 3366 Antonius
1128 3316 1172 3364 be-

98 3390 181 3440 nerkt
210 3386 262 3436 Cio.
290 3385 358 3437 Brut.
381 3388 429 3448 37,
456 3388 517 3439 139:
554 3389 615 3436 Erat
643 3389 756 3436 memoria
784 3403 890 3448 summe,
920 3391 988 3437 nullu
1014 3389 1173 3436 meditationis

100 3461 219 3520 euept'ei03
253 3461 381 3516 inparatus
403 3471 495 3516 semper
517 3458 618 3520 adqradi
638 3458 671 3504 od
691 3457 817 3504 dicendum
838 3459 976 3519 videbatur,
1001 3457 1044 3505 aad
1066 3459 1099 3503 itu
1122 3464 1173 3503 erat

94 3537 215 3590 paratus,
240 3533 268 3574 nt
293 3525 381 3572 iudices
402 3527 444 3574 ilio
463 3527 552 3575 dicente
579 3541 628 3574 non
650 3539 781 3587 numquam
800 3528 938 3575 uiderentur
954 3541 1002 3574 nan
1020 3526 1077 3573 aetia
1090 3526 1174 3583 parati

96 3601 128 3648 ad
145 3597 280 3647 canendum
296 3593 384 3655 suiaee.

166 3666 293 3722 insederit,
314 3659 384 3708 nieht
403 3663 523 3721 insideret,
542 3660 595 3723 vgl.
615 3677 637 3710 z.
659 3663 699 3722 56,
720 3663 787 3714 230:
805 3663 959 3720 responderit.

167 3739 203 3796 is,
233 3734 278 3796 qui
295 3747 348 3779 aum
366 3728 431 3778 uird
451 3729 527 3778 durch
547 3729 593 3778 den
615 3727 746 3793 folgenden
764 3729 922 3779 Relativsatz
941 3727 1018 3775 niiher
1036 3725 1172 3790 erliiutert3

97 3819 127 3852 nn
148 3811 359 3868 quantuscumque
371 3798 422 3860 vgl.
442 3799 484 3863 23,
498 3799 529 3849 97
543 3796 593 3846 und
606 3797 623 3848 l.
637 3800 678 3863 30,
694 3801 753 3850 135:
771 3801 799 3848 de
818 3800 861 3848 liae
879 3813 936 3858 mea,
957 3799 1174 3858 quantulacumque

95 3884 136 3934 eet,
151 3873 276 3937 facultate
292 3871 416 3931 queaeritis.

168 3947 195 3990 in
214 3941 309 3998 Οναεαο,
330 3935 380 3999 vgl.
400 3951 421 3984 z.
440 3937 465 3994 2,
483 3937 511 3986 6:
529 3937 588 3999 suit
605 3941 640 3988 in.

171 4011 230 4062 123.
267 4021 350 4056 creare
371 4010 428 4068 eet,
456 4003 480 4054 d.
498 4005 522 4052 h.
548 4018 619 4054 wenn
647 4004 692 4053 ioh
719 4002 818 4066 gezeigt
844 4000 924 4050 haben
954 4001 1052 4067 narde,
1079 4001 1174 4050 welehe
