2760 4520
217 289 219 298 '
256 307 299 360 os
319 305 492 373 ostreas„
506 308 549 361 aa.
568 306 597 359 ιι.
617 323 671 375 cap.
690 309 732 360 cr.
751 310 795 392 ⁶²:
811 305 829 373 s
846 308 991 394 rat-ece.
1102 304 1163 370 129

78 464 216 542 denique
246 482 371 543 corpore
399 463 512 528 ridetur
540 465 614 543 ipso.
666 463 782 524 Salsum
810 461 892 523 hune
917 479 1042 542 possum
1063 462 1161 528 dicere

78 559 174 628 atque
188 550 237 622 ita,
253 567 315 612 uon
333 560 364 612 ut
378 549 442 612 eius
457 549 538 612 modi
554 557 702 632 oratorem
719 566 784 610 esse
799 547 894 620 velim,
909 547 962 608 sed
978 557 1011 610 ut
1024 548 1159 615 mimum.

82 637 203 710 Quare
219 635 349 713 primum
363 653 457 715 genus
471 635 537 708 hoc,
560 633 640 712 quod
655 633 750 695 risum
766 633 812 694 vel
823 631 950 694 maxime
966 642 1073 710 movet,
1097 654 1159 696 uon
1173 636 1229 700 62.

79 730 128 782 est
143 729 299 782 nostrum:
322 738 486 794 morosum,
502 719 748 800 superstitiosum,
763 717 970 796 suspiciosum,
986 719 1158 797 gloriosum,

77 806 226 868 stultum:
243 814 363 866 naturae
378 805 513 868 ridentur
525 805 624 884 ipsae:
645 822 719 882 quas
735 813 880 882 'personas
897 804 1004 883 agitare
1018 805 1157 879 solemus,

78 910 146 952 nou
168 890 325 952 sustinere.
369 891 502 953 Alterum
530 909 624 970 genus
650 898 694 952 est
719 888 880 950 imitatione
900 887 1060 950 admodum
1083 891 1156 954 ridi·
1172 900 1230 952 252.

78 977 201 1049 culum,
223 976 275 1038 sed
293 975 380 1040 uobis
403 985 516 1038 tantum
537 976 605 1037 licet
619 975 736 1050 furtim,
767 975 792 1036 si
815 973 950 1053 quando,
979 983 1009 1036 et
1029 978 1156 1049 cursim;

77 1063 166 1123 aliter
187 1061 268 1122 enim
291 1062 412 1124 minime
432 1071 478 1124 est
496 1061 631 1134 liberale3
660 1060 790 1134 tertium,
813 1059 872 1121 oris
894 1059 1071 1142 depravatio,
1094 1080 1156 1124 non

79 1149 172 1226 digna
195 1145 300 1220 nebim
323 1158 470 1226 quartum,
486 1146 659 1218 obscenitas,
681 1145 863 1206 non‘solum
886 1162 949 1206 non
971 1147 1037 1208 loro
1061 1147 1156 1226 digna,

79 1234 135 1294 sed
157 1232 207 1292 vix
227 1232 364 1294 convivio
385 1232 557 1296 liberorum.
600 1230 741 1294 Detractis
761 1230 851 1309 igitur
872 1239 916 1292 tot
937 1227 1027 1294 rebus
1042 1250 1078 1292 ex
1101 1234 1157 1294 hoc

75 1318 215 1380 oratorio
245 1317 311 1379 loco
333 1317 452 1380 facetiae
477 1317 606 1398 reliquae
628 1325 708 1389 sunt,
730 1334 806 1394 quae
828 1323 878 1376 aut
899 1315 930 1376 iu
952 1334 1000 1389 re,
1031 1325 1064 1378 ut
1091 1328 1162 1380 ante,

77 1403 179 1478 divisi,
202 1402 313 1482 positae
337 1403 473 1466 videntur
498 1420 562 1464 esse
579 1411 629 1464 aut
642 1401 672 1464 iu
688 1400 788 1462 verbo.
825 1401 899 1462 Nam
919 1401 1010 1482 quod,
1032 1402 1158 1481 quihus-

47 1489 53 1504 '
75 1507 215 1567 cumque
236 1487 333 1549 verbis
349 1488 466 1563 dixeris,
486 1491 613 1550 t'aeetum
629 1495 728 1549 tamen
743 1495 795 1560 est,
814 1505 846 1547 re
869 1486 1053 1560 continetur3
1076 1489 1157 1567 quod

76 1574 204 1636 mutatis
226 1573 324 1634 verbis
345 1575 436 1636 salem
455 1573 569 1650 amittit,
590 1574 622 1634 in
645 1571 742 1634 verbis
764 1570 851 1633 hahet
871 1571 1004 1649 leporem
1026 1591 1157 1635 omnem.

104 1717 107 1724 i
168 1656 314 1738 Ambigua
335 1669 406 1722 suut
421 1662 453 1722 iu
469 1659 573 1738 primis
594 1667 676 1720 acuta
698 1666 786 1735 atque
805 1657 837 1718 in
859 1655 949 1720 verbo
968 1660 1072 1736 posita,
1095 1678 1157 1721 non
1171 1664 1231 1718 253.

74 1747 106 1806 in
132 1763 181 1818 re3
219 1745 271 1805 sed
292 1762 354 1806 uon
377 1763 464 1824 saepe
483 1762 623 1824 maguum
644 1744 738 1806 risum
759 1750 890 1814 movent
914 1743 1007 1821 magis
1029 1752 1062 1806 ut
1082 1743 1156 1808 bede

228 1897 293 1905 αι...-

150 1984 277 2033 imitandis
300 1982 407 2032 metue
430 1981 465 2031 ist
478 1984 578 2033 sehwer
594 1997 626 2031 zu
644 1980 776 2043 children,
799 1979 859 2029 weil
885 1979 939 2030 hier
963 1996 1010 2030 nur
1029 1995 1078 2030 von
1098 1979 1155 2032 auf-

76 2051 192 2115 l‘dlligen
207 2048 453 2101 deusserlichheiteu
480 2052 521 2102 die
541 2050 609 2102 Rode
626 2049 668 2099 ist.
705 2047 843 2099 Vielleicht
861 2045 896 2098 ist
912 2051 1012 2100 moedus
1028 2065 1059 2098 zu
1076 2049 1154 2113 lesen,
1234 2039 1246 2056 '

77 2137 134 2171 was
163 2121 229 2170 euch
252 2120 277 2168 iu
303 2119 349 2168 der
373 2117 505 2170 thnttehen
530 2118 692 2181 Verhiuduug
717 2116 789 2168 Tusc.
809 2116 871 2183 disp.
889 2113 991 2194 tillut,
1015 2120 1048 2171 hd
1073 2119 1155 2169 steht:

76 2193 115 2241 Eo
139 2193 205 2240 enim
222 2197 291 2238 cram
304 2190 382 2248 vodo,
400 2192 521 2252 eudone,
536 2191 604 2240 cinni
618 2190 714 2251 relr'quo
727 2195 793 2237 motu
807 2196 829 2236 et
847 2195 926 2250 etaim
943 2197 971 2239 et
989 2201 1027 2238 oce
1049 2189 1156 2253 Arctoos

76 2269 122 2310 cut
141 2259 269 2322 Sicyonios
289 2260 383 2306 adem
760 2268 768 2278 ’-

151 2337 223 2390 atqie
239 2332 290 2376 ite:
311 2325 373 2375 dher
391 2337 439 2374 ear
454 2339 497 2387 sep
521 2324 586 2375 dene
611 2324 636 2373 in
662 2323 717 2374 dem
734 2323 828 2374 Zusatc
845 2323 880 2373 ist
901 2322 1016 2388 zugleich
1034 2323 1088 2375 cine
1107 2325 1155 2376 Be-

77 2396 244 2458 schriinkung
261 2393 399 2444 euthaltcn.

151 2460 204 2520 62.
239 2467 339 2528 adiere,
357 2478 376 2513 s.
391 2475 413 2511 z.
433 2464 475 2524 56,
496 2463 561 2522 2293
579 2464 711 2511 meinero:
729 2460 875 2511 darstclleu.

151 2533 213 2586 252.
249 2535 386 2589 ciuitatione
411 2529 467 2579 dol.
492 2545 590 2591 meae,
617 2527 649 2578 im
677 2527 752 2592 Gegs.
779 2545 810 2578 zu
836 2529 881 2580 der
905 2527 1086 2595 Nachahmuug
1111 2530 1154 2581 des

78 2606 179 2667 sannio,
198 2599 296 2650 welche
313 2600 353 2650 ein
372 2597 510 2649 Gelliehter
527 2595 686 2659 hervorrult‚
708 2598 816 2648 welches
835 2613 884 2647 von
903 2598 957 2648 dem
978 2597 1077 2649 Redner
1095 2613 1155 2650 ver-

78 2672 180 2722 mieden
205 2671 306 2720 werden
333 2683 407 2718 muss.
444 2665 558 2717 Gemeint
583 2665 618 2716 ist
635 2663 764 2728 dasjenige
781 2683 871 2732 cmm,
901 2666 941 2717 hei
963 2667 1084 2718 walchem
1108 2685 1155 2718 nur

77 2740 136 2790 eine
157 2736 392 2802 audemugsweise
410 2733 579 2800 detritu-ung
598 2735 764 2799 aagewendet
780 2733 858 2798 wird3
882 2749 903 2788 s.
922 2737 964 2798 oe,
980 2737 1044 2790 ttt‘:
1068 2739 1156 2788 Orator

78 2811 203 2870 sumptui
219 2817 309 2869 oportet
328 2810 492 2857 theudonem.
1065 2829 1068 2832 ·

151 2880 207 2928 iacet
222 2891 258 2926 sc.
276 2880 321 2937 uti,
340 2874 449 2924 welches
466 2873 530 2923 cuch
543 2873 634 2938 hintar
652 2876 705 2923 lieet
722 2868 876 2935 ausgelellcu
894 2871 947 2921 seih
967 2872 1041 2923 hauc.

151 2948 263 3010 inhercie,
283 2942 384 3008 ugido
404 2941 445 2992 oli.
466 2942 484 2995 1.
503 2946 544 3005 29,
566 2945 627 2994 tot:
651 2943 740 2992 Facitis
764 2944 840 3005 ipitur
861 2949 895 2991 eet
918 2944 1039 2992 distinctio
1055 2947 1157 3008 inpenui

80 3026 102 3066 et
121 3017 250 3065 illiderahh
266 3016 318 3064 mci.
354 3015 428 3063 Alter
439 3021 479 3073 eet,
498 3016 521 3062 ci
537 3016 564 3061 in
584 3021 686 3073 tenpore
698 3013 733 3074 fit
749 3020 792 3060 aut
807 3014 830 3060 e·
846 3011 943 3060 remim
961 3013 1051 3072 αηίηιο,
1068 3029 1155 3078 macno

80 3088 177 3135 laomim
196 3085 292 3148 denus,
317 3087 378 3134 aiter
397 3098 427 3132 nc
444 3083 516 3131 libero
534 3083 637 3144 quiden,
655 3083 679 3128 ti
694 3095 776 3129 rerum
793 3081 943 3140 turpitudini
958 3082 1085 3132 adhibetur
1102 3097 1155 3133 ecr-

77 3157 164 3204 dormn
185 3154 322 3203 edocendae.

150 3224 282 3272 liberorum
300 3239 335 3262 a
346 3223 518 3286 impensorum,
543 3217 575 3266 im
594 3215 668 3280 Gegs.
687 3231 717 3265 zu
732 3218 797 3267 cerci
813 3215 863 3265 aud
881 3215 952 3266 nieht
968 3231 1000 3266 cu
1017 3221 1153 3281 verecundi,

82 3290 112 3339 da
132 3290 178 3339 das
198 3288 257 3352 adj.
279 3304 338 3350 nur,
361 3302 433 3338 wenc
459 3302 485 3338 es
508 3287 563 3336 eine
587 3285 728 3336 bestimmte
748 3281 838 3334 lilasse
863 3285 913 3334 und
932 3285 1000 3336 nicht
1018 3285 1072 3336 eine
1092 3301 1154 3336 vor-

81 3358 258 3423 iihergcheude
281 3353 446 3421 Ripensehalt
471 3355 632 3417 hemiolium,
663 3352 861 3404 substantivisch
887 3353 1027 3417 gebraueht
1052 3355 1153 3405 werden

81 3427 156 3478 lanu,
191 3425 280 3476 Ilicser
293 3423 436 3489 Erhldrung
454 3423 629 3490 widempricht
646 3422 717 3472 nicht
733 3422 763 3472 de
783 3421 824 3471 off.
845 3420 864 3471 1.
883 3425 925 3485 do,
946 3426 1007 3475 tlt:
1035 3432 1105 3486 turpe
1120 3431 1155 3474 eat

82 3524 115 3532 -
134 3501 160 3548 in
179 3512 206 3546 te
224 3511 304 3547 emere
322 3496 428 3545 convicio
446 3496 522 3559 dipna
541 3493 605 3558 (was
623 3491 693 3541 nieht
706 3514 739 3534 =
751 3493 850 3542 chromo
867 3507 899 3541 za
916 3491 969 3541 sein
983 3491 1098 3554 hraucht)
1111 3501 1155 3543 auc

81 3568 208 3616 delicatum
228 3567 330 3629 aequor
348 3564 442 3626 insme
454 3577 593 3614 ammonem.

151 3650 182 3684 cc
199 3635 243 3684 dcc
260 3636 365 3684 oratorio
378 3635 439 3682 loeo:
457 3647 501 3681 aus
520 3630 612 3681 diesem
625 3631 680 3680 dem
694 3627 793 3678 hedner
807 3627 998 3678 zukommeuden
1008 3626 1153 3692 dhsehnitt3

82 3712 151 3754 cute:
171 3705 214 3766 59,
232 3703 295 3764 2403
314 3703 413 3758 dimersi,
433 3701 477 3752 der
496 3698 569 3762 Conj.
588 3698 636 3750 wie
655 3701 696 3764 46,
720 3699 782 3751 tet:
800 3699 927 3762 prediatus
945 3699 986 3746 eie.

152 3773 212 3824 2523.
242 3787 355 3836 maenum
372 3775 449 3821 ntum
464 3777 565 3831 mouent,
591 3767 643 3832 vgl.
662 3766 678 3834 ᾗ
697 3769 760 3819 254ε
790 3769 856 3816 risus
872 3774 964 3815 movent
980 3767 1031 3816 alic
1046 3768 1154 3819 maiores.

151 3849 179 3890 ut
195 3843 292 3892 bote-
304 3843 377 3892 dicta:
395 3839 433 3889 als
453 3835 519 3888 ieiue
536 3837 585 3888 und
608 3853 657 3886 von
679 3831 948 3899 (wissenschalilieher)
969 3832 1075 3899 Bilduug
1095 3849 1156 3886 zeu-

79 3909 162 3972 geude
190 3908 353 3960 Witzwortc.
395 3906 432 3958 Zu
460 3911 562 3960 litterato
585 3905 637 3970 vgl.
656 3895 725 3956 Brut.
744 3906 786 3964 28,
812 3904 873 3955 108:
904 3905 934 3956 L.
954 3905 1046 3956 sudas
1070 3908 1158 3957 Philae

77 3982 183 4040 pctbeec
201 3981 290 4030 Latine
307 3981 375 4042 ioqui
384 3979 518 4040 putabatur
535 3978 709 4040 litteratiusque
727 3989 798 4038 quam
818 3973 894 4024 ceteri.

133 4069 206 4112 Cicero
221 4068 247 4110 de
261 4071 351 4111 oratore.
373 4068 400 4110 11.
931 4078 946 4129 9
