<?xml version="1.0" encoding="UTF-8"?>
<!DOCTYPE html PUBLIC "-//W3C//DTD XHTML 1.0 Transitional//EN"
    "http://www.w3.org/TR/xhtml1/DTD/xhtml1-transitional.dtd">
<html xmlns="http://www.w3.org/1999/xhtml" xml:lang="en" lang="en">
 <head>
  <title>
</title>
<meta http-equiv="Content-Type" content="text/html;charset=utf-8" />
  <meta name='ocr-system' content='tesseract 3.04.00' />
  <meta name='ocr-capabilities' content='ocr_page ocr_carea ocr_par ocr_line ocrx_word'/>
</head>
<body>
  <div class='ocr_page' id='page_1' title='image "./mtulliiciceroni79cicegoog/mtulliiciceroni79cicegoog_0297.png"; bbox 0 0 2750 4526; ppageno 0'>
   <div class='ocr_carea' id='block_1_1' title="bbox 242 349 1164 418">
    <p class='ocr_par' dir='ltr' id='par_1_1' title="bbox 242 349 1164 418">
     <span class='ocr_line' id='line_1_1' title="bbox 242 349 1164 418; baseline 0.008 -18"><span class='ocrx_word' id='word_1_1' title='bbox 242 349 283 416; x_wconf 77' lang='lat' dir='ltr'>7ss</span> <span class='ocrx_word' id='word_1_2' title='bbox 408 351 449 402; x_wconf 86' lang='lat' dir='ltr'>on</span> <span class='ocrx_word' id='word_1_3' title='bbox 471 349 634 418; x_wconf 79' lang='lat' dir='ltr'>onnronu,</span> <span class='ocrx_word' id='word_1_4' title='bbox 653 351 697 401; x_wconf 89' lang='grc'><strong>111.</strong></span> <span class='ocrx_word' id='word_1_5' title='bbox 712 350 742 401; x_wconf 94' lang='lat' dir='ltr'>n.</span> <span class='ocrx_word' id='word_1_6' title='bbox 761 366 813 417; x_wconf 70' lang='lat' dir='ltr'>ep.</span> <span class='ocrx_word' id='word_1_7' title='bbox 832 352 874 405; x_wconf 86' lang='lat' dir='ltr'>aa.</span> <span class='ocrx_word' id='word_1_8' title='bbox 897 353 938 404; x_wconf 83' lang='lat'>34.</span> <span class='ocrx_word' id='word_1_9' title='bbox 958 350 974 415; x_wconf 67' lang='lat' dir='ltr'>a</span> <span class='ocrx_word' id='word_1_10' title='bbox 994 353 1164 406; x_wconf 76' lang='lat' dir='ltr'>tra-na.-</span> 
     </span>
    </p>
   </div>
   <div class='ocr_carea' id='block_1_2' title="bbox 169 505 1299 2120">
    <p class='ocr_par' dir='ltr' id='par_1_2' title="bbox 239 505 1299 840">
     <span class='ocr_line' id='line_1_2' title="bbox 241 505 1297 586; baseline 0.002 -21"><span class='ocrx_word' id='word_1_11' title='bbox 241 506 358 567; x_wconf 85' lang='lat' dir='ltr'>difficile</span> <span class='ocrx_word' id='word_1_12' title='bbox 373 507 487 583; x_wconf 81' lang='lat' dir='ltr'>Crasso,</span> <span class='ocrx_word' id='word_1_13' title='bbox 505 507 555 585; x_wconf 93' lang='lat' dir='ltr'>qui</span> <span class='ocrx_word' id='word_1_14' title='bbox 572 516 607 580; x_wconf 83' lang='lat' dir='ltr'>et,</span> <span class='ocrx_word' id='word_1_15' title='bbox 624 507 703 584; x_wconf 80' lang='lat' dir='ltr'>quod</span> <span class='ocrx_word' id='word_1_16' title='bbox 720 505 790 566; x_wconf 89' lang='lat' dir='ltr'>disci</span> <span class='ocrx_word' id='word_1_17' title='bbox 806 506 900 585; x_wconf 88' lang='lat' dir='ltr'>potuit</span> <span class='ocrx_word' id='word_1_18' title='bbox 914 505 950 566; x_wconf 90' lang='lat' dir='ltr'>de</span> <span class='ocrx_word' id='word_1_19' title='bbox 966 506 1039 579; x_wconf 91' lang='lat' dir='ltr'>iure,</span> <span class='ocrx_word' id='word_1_20' title='bbox 1057 507 1156 570; x_wconf 82' lang='lat' dir='ltr'>didicit</span> <span class='ocrx_word' id='word_1_21' title='bbox 1171 517 1206 581; x_wconf 93' lang='lat' dir='ltr'>et,</span> <span class='ocrx_word' id='word_1_22' title='bbox 1226 511 1297 586; x_wconf 82' lang='lat' dir='ltr'>quud</span> 
     </span>
     <span class='ocr_line' id='line_1_3' title="bbox 240 591 1299 670; baseline 0.001 -18"><span class='ocrx_word' id='word_1_23' title='bbox 240 592 284 664; x_wconf 75' lang='lat' dir='ltr'>ile,</span> <span class='ocrx_word' id='word_1_24' title='bbox 301 592 352 670; x_wconf 92' lang='lat' dir='ltr'>qui</span> <span class='ocrx_word' id='word_1_25' title='bbox 366 611 434 654; x_wconf 89' lang='lat' dir='ltr'>eum</span> <span class='ocrx_word' id='word_1_26' title='bbox 446 593 620 665; x_wconf 89' lang='lat' dir='ltr'>docuerunt,</span> <span class='ocrx_word' id='word_1_27' title='bbox 637 592 737 663; x_wconf 87' lang='lat' dir='ltr'>deluit,</span> <span class='ocrx_word' id='word_1_28' title='bbox 753 592 815 670; x_wconf 91' lang='lat' dir='ltr'>ipse</span> <span class='ocrx_word' id='word_1_29' title='bbox 830 591 957 664; x_wconf 83' lang='lat' dir='ltr'>adl’eret3</span> <span class='ocrx_word' id='word_1_30' title='bbox 974 601 1014 665; x_wconf 89' lang='lat' dir='ltr'>ut,</span> <span class='ocrx_word' id='word_1_31' title='bbox 1030 610 1104 670; x_wconf 87' lang='lat' dir='ltr'>quae</span> <span class='ocrx_word' id='word_1_32' title='bbox 1119 594 1177 654; x_wconf 91' lang='lat' dir='ltr'>sint</span> <span class='ocrx_word' id='word_1_33' title='bbox 1190 595 1220 654; x_wconf 94' lang='lat' dir='ltr'>in</span> <span class='ocrx_word' id='word_1_34' title='bbox 1233 595 1299 664; x_wconf 83' lang='lat' dir='ltr'>iure,</span> 
     </span>
     <span class='ocr_line' id='line_1_4' title="bbox 239 676 1297 757; baseline 0.002 -21"><span class='ocrx_word' id='word_1_35' title='bbox 239 677 285 737; x_wconf 91' lang='lat' dir='ltr'>vel</span> <span class='ocrx_word' id='word_1_36' title='bbox 308 687 391 738; x_wconf 86' lang='lat' dir='ltr'>acute</span> <span class='ocrx_word' id='word_1_37' title='bbox 413 676 570 739; x_wconf 83' lang='lat' dir='ltr'>discribere</span> <span class='ocrx_word' id='word_1_38' title='bbox 592 678 637 738; x_wconf 89' lang='lat' dir='ltr'>vel</span> <span class='ocrx_word' id='word_1_39' title='bbox 663 685 764 737; x_wconf 88' lang='lat' dir='ltr'>ornate</span> <span class='ocrx_word' id='word_1_40' title='bbox 780 676 923 736; x_wconf 88' lang='lat' dir='ltr'>illustrare</span> <span class='ocrx_word' id='word_1_41' title='bbox 942 677 1042 755; x_wconf 85' lang='lat' dir='ltr'>possit.</span> <span class='ocrx_word' id='word_1_42' title='bbox 1079 678 1157 757; x_wconf 86' lang='lat' dir='ltr'>Ergo</span> <span class='ocrx_word' id='word_1_43' title='bbox 1175 681 1234 750; x_wconf 89' lang='lat' dir='ltr'>ista,</span> <span class='ocrx_word' id='word_1_44' title='bbox 1256 681 1297 738; x_wconf 94' lang='lat' dir='ltr'>in-</span> 
     </span>
     <span class='ocr_line' id='line_1_5' title="bbox 241 761 1297 840; baseline 0 -18"><span class='ocrx_word' id='word_1_45' title='bbox 241 761 303 840; x_wconf 88' lang='lat' dir='ltr'>quit</span> <span class='ocrx_word' id='word_1_46' title='bbox 324 763 480 835; x_wconf 79' lang='lat' dir='ltr'>Antonius,</span> <span class='ocrx_word' id='word_1_47' title='bbox 502 772 566 826; x_wconf 89' lang='lat' dir='ltr'>turn</span> <span class='ocrx_word' id='word_1_48' title='bbox 588 783 604 824; x_wconf 92' lang='lat' dir='ltr'>a</span> <span class='ocrx_word' id='word_1_49' title='bbox 623 763 727 824; x_wconf 80' lang='lat' dir='ltr'>Crasso</span> <span class='ocrx_word' id='word_1_50' title='bbox 751 762 914 833; x_wconf 89' lang='lat' dir='ltr'>discemus,</span> <span class='ocrx_word' id='word_1_51' title='bbox 937 780 1004 822; x_wconf 90' lang='lat' dir='ltr'>cnm</span> <span class='ocrx_word' id='word_1_52' title='bbox 1027 781 1058 822; x_wconf 92' lang='lat' dir='ltr'>se</span> <span class='ocrx_word' id='word_1_53' title='bbox 1080 763 1219 824; x_wconf 91' lang='lat' dir='ltr'>deturba</span> <span class='ocrx_word' id='word_1_54' title='bbox 1241 775 1297 825; x_wconf 87' lang='lat' dir='ltr'>eta</span> 
     </span>
    </p>

    <p class='ocr_par' dir='ltr' id='par_1_3' title="bbox 171 847 1297 1610">
     <span class='ocr_line' id='line_1_6' title="bbox 171 847 1297 927; baseline -0.001 -19"><span class='ocrx_word' id='word_1_55' title='bbox 171 851 226 901; x_wconf 74' lang='lat'>144.</span> <span class='ocrx_word' id='word_1_56' title='bbox 239 848 384 909; x_wconf 89' lang='lat' dir='ltr'>subselliis</span> <span class='ocrx_word' id='word_1_57' title='bbox 411 848 441 909; x_wconf 94' lang='lat' dir='ltr'>in</span> <span class='ocrx_word' id='word_1_58' title='bbox 461 849 571 921; x_wconf 87' lang='lat' dir='ltr'>otium,</span> <span class='ocrx_word' id='word_1_59' title='bbox 600 857 633 908; x_wconf 92' lang='lat' dir='ltr'>ut</span> <span class='ocrx_word' id='word_1_60' title='bbox 660 849 779 927; x_wconf 78' lang='lat' dir='ltr'>cogitat,</span> <span class='ocrx_word' id='word_1_61' title='bbox 802 848 967 926; x_wconf 88' lang='lat' dir='ltr'>soliumque</span> <span class='ocrx_word' id='word_1_62' title='bbox 990 847 1154 909; x_wconf 86' lang='lat' dir='ltr'>contulerit.</span> <span class='ocrx_word' id='word_1_63' title='bbox 1197 851 1254 910; x_wconf 87' lang='lat' dir='ltr'>lam</span> <span class='ocrx_word' id='word_1_64' title='bbox 1273 849 1297 908; x_wconf 87' lang='lat' dir='ltr'>id</span> 
     </span>
     <span class='ocr_line' id='line_1_7' title="bbox 239 932 1297 1012; baseline -0.002 -18"><span class='ocrx_word' id='word_1_65' title='bbox 239 933 359 1012; x_wconf 92' lang='lat' dir='ltr'>quidem</span> <span class='ocrx_word' id='word_1_66' title='bbox 382 952 483 1012; x_wconf 92' lang='lat' dir='ltr'>saepe,</span> <span class='ocrx_word' id='word_1_67' title='bbox 506 934 602 1011; x_wconf 85' lang='lat' dir='ltr'>inquit</span> <span class='ocrx_word' id='word_1_68' title='bbox 624 932 757 1004; x_wconf 76' lang='lat' dir='ltr'>CatuluS,</span> <span class='ocrx_word' id='word_1_69' title='bbox 778 951 814 993; x_wconf 80' lang='lat' dir='ltr'>ex</span> <span class='ocrx_word' id='word_1_70' title='bbox 836 951 870 992; x_wconf 90' lang='lat' dir='ltr'>eo</span> <span class='ocrx_word' id='word_1_71' title='bbox 889 932 1003 1004; x_wconf 83' lang='lat' dir='ltr'>audivi,</span> <span class='ocrx_word' id='word_1_72' title='bbox 1032 951 1099 994; x_wconf 87' lang='lat' dir='ltr'>cum</span> <span class='ocrx_word' id='word_1_73' title='bbox 1124 935 1231 995; x_wconf 87' lang='lat' dir='ltr'>diceret</span> <span class='ocrx_word' id='word_1_74' title='bbox 1251 934 1297 994; x_wconf 87' lang='lat' dir='ltr'>sibi</span> 
     </span>
     <span class='ocr_line' id='line_1_8' title="bbox 239 1017 1295 1098; baseline -0.001 -21"><span class='ocrx_word' id='word_1_75' title='bbox 239 1026 352 1078; x_wconf 86' lang='lat' dir='ltr'>certum</span> <span class='ocrx_word' id='word_1_76' title='bbox 375 1036 439 1078; x_wconf 90' lang='lat' dir='ltr'>esse</span> <span class='ocrx_word' id='word_1_77' title='bbox 462 1037 477 1078; x_wconf 87' lang='lat' dir='ltr'>a</span> <span class='ocrx_word' id='word_1_78' title='bbox 497 1019 611 1078; x_wconf 90' lang='lat' dir='ltr'>iudiciis</span> <span class='ocrx_word' id='word_1_79' title='bbox 634 1020 788 1095; x_wconf 77' lang='lat' dir='ltr'>causisque</span> <span class='ocrx_word' id='word_1_80' title='bbox 811 1017 974 1090; x_wconf 83' lang='lat' dir='ltr'>discedere3</span> <span class='ocrx_word' id='word_1_81' title='bbox 1004 1019 1076 1090; x_wconf 89' lang='lat' dir='ltr'>sed,</span> <span class='ocrx_word' id='word_1_82' title='bbox 1095 1029 1128 1080; x_wconf 93' lang='lat' dir='ltr'>ut</span> <span class='ocrx_word' id='word_1_83' title='bbox 1147 1021 1203 1098; x_wconf 92' lang='lat' dir='ltr'>ipsi</span> <span class='ocrx_word' id='word_1_84' title='bbox 1225 1021 1295 1080; x_wconf 89' lang='lat' dir='ltr'>soleo</span> 
     </span>
     <span class='ocr_line' id='line_1_9' title="bbox 239 1103 1295 1182; baseline 0.001 -20"><span class='ocrx_word' id='word_1_85' title='bbox 239 1105 345 1176; x_wconf 88' lang='lat' dir='ltr'>dicere,</span> <span class='ocrx_word' id='word_1_86' title='bbox 365 1121 426 1162; x_wconf 91' lang='lat' dir='ltr'>non</span> <span class='ocrx_word' id='word_1_87' title='bbox 447 1103 550 1164; x_wconf 88' lang='lat' dir='ltr'>licebit.</span> <span class='ocrx_word' id='word_1_88' title='bbox 596 1103 698 1182; x_wconf 84' lang='lat' dir='ltr'><strong>Neque</strong></span> <span class='ocrx_word' id='word_1_89' title='bbox 717 1104 795 1164; x_wconf 88' lang='lat' dir='ltr'>enim</span> <span class='ocrx_word' id='word_1_90' title='bbox 820 1103 959 1163; x_wconf 84' lang='lat' dir='ltr'>auxilium</span> <span class='ocrx_word' id='word_1_91' title='bbox 981 1121 1070 1164; x_wconf 89' lang='lat' dir='ltr'>suum</span> <span class='ocrx_word' id='word_1_92' title='bbox 1092 1123 1179 1182; x_wconf 87' lang='lat' dir='ltr'>saepe</span> <span class='ocrx_word' id='word_1_93' title='bbox 1201 1125 1216 1166; x_wconf 96' lang='lat' dir='ltr'>a</span> <span class='ocrx_word' id='word_1_94' title='bbox 1237 1105 1295 1164; x_wconf 79' lang='lat' dir='ltr'>viris</span> 
     </span>
     <span class='ocr_line' id='line_1_10' title="bbox 238 1188 1295 1266; baseline 0 -18"><span class='ocrx_word' id='word_1_95' title='bbox 238 1189 325 1249; x_wconf 86' lang='lat' dir='ltr'>bonis</span> <span class='ocrx_word' id='word_1_96' title='bbox 355 1191 462 1250; x_wconf 81' lang='lat' dir='ltr'>frustra</span> <span class='ocrx_word' id='word_1_97' title='bbox 491 1188 642 1266; x_wconf 91' lang='lat' dir='ltr'>implorari</span> <span class='ocrx_word' id='word_1_98' title='bbox 671 1188 918 1266; x_wconf 88' lang='lat' dir='ltr'>patieturneqne</span> <span class='ocrx_word' id='word_1_99' title='bbox 938 1188 968 1248; x_wconf 91' lang='lat' dir='ltr'>id</span> <span class='ocrx_word' id='word_1_100' title='bbox 995 1207 1089 1266; x_wconf 84' lang='lat' dir='ltr'>aequo</span> <span class='ocrx_word' id='word_1_101' title='bbox 1112 1191 1211 1250; x_wconf 89' lang='lat' dir='ltr'>animo</span> <span class='ocrx_word' id='word_1_102' title='bbox 1235 1193 1295 1248; x_wconf 89' lang='lat' dir='ltr'>leret</span> 
     </span>
     <span class='ocr_line' id='line_1_11' title="bbox 239 1273 1294 1353; baseline 0 -19"><span class='ocrx_word' id='word_1_103' title='bbox 239 1275 352 1344; x_wconf 84' lang='lat' dir='ltr'>ciritas3</span> <span class='ocrx_word' id='word_1_104' title='bbox 376 1291 451 1351; x_wconf 87' lang='lat' dir='ltr'>quae</span> <span class='ocrx_word' id='word_1_105' title='bbox 473 1273 497 1333; x_wconf 90' lang='lat' dir='ltr'>si</span> <span class='ocrx_word' id='word_1_106' title='bbox 512 1291 583 1333; x_wconf 89' lang='lat' dir='ltr'>voce</span> <span class='ocrx_word' id='word_1_107' title='bbox 599 1273 631 1333; x_wconf 92' lang='lat' dir='ltr'>L.</span> <span class='ocrx_word' id='word_1_108' title='bbox 648 1273 743 1334; x_wconf 82' lang='lat' dir='ltr'>Crassi</span> <span class='ocrx_word' id='word_1_109' title='bbox 759 1273 875 1346; x_wconf 87' lang='lat' dir='ltr'>carebit,</span> <span class='ocrx_word' id='word_1_110' title='bbox 898 1285 1070 1336; x_wconf 92' lang='lat' dir='ltr'>ornamento</span> <span class='ocrx_word' id='word_1_111' title='bbox 1093 1276 1223 1353; x_wconf 89' lang='lat' dir='ltr'>quodam</span> <span class='ocrx_word' id='word_1_112' title='bbox 1242 1294 1294 1334; x_wconf 87' lang='lat' dir='ltr'>sese</span> 
     </span>
     <span class='ocr_line' id='line_1_12' title="bbox 238 1357 1294 1438; baseline 0 -20"><span class='ocrx_word' id='word_1_113' title='bbox 238 1359 389 1436; x_wconf 85' lang='lat' dir='ltr'>spoliatam</span> <span class='ocrx_word' id='word_1_114' title='bbox 411 1358 531 1436; x_wconf 89' lang='lat' dir='ltr'>putabit.</span> <span class='ocrx_word' id='word_1_115' title='bbox 576 1359 650 1419; x_wconf 90' lang='lat' dir='ltr'>Nam</span> <span class='ocrx_word' id='word_1_116' title='bbox 671 1358 777 1431; x_wconf 91' lang='lat' dir='ltr'>hercle,</span> <span class='ocrx_word' id='word_1_117' title='bbox 797 1359 893 1438; x_wconf 91' lang='lat' dir='ltr'>inquit</span> <span class='ocrx_word' id='word_1_118' title='bbox 914 1357 1070 1431; x_wconf 75' lang='lat' dir='ltr'>Antonius,</span> <span class='ocrx_word' id='word_1_119' title='bbox 1097 1361 1123 1420; x_wconf 88' lang='lat' dir='ltr'>si</span> <span class='ocrx_word' id='word_1_120' title='bbox 1145 1361 1217 1421; x_wconf 89' lang='lat' dir='ltr'>haec</span> <span class='ocrx_word' id='word_1_121' title='bbox 1238 1378 1294 1420; x_wconf 87' lang='lat' dir='ltr'>vere</span> 
     </span>
     <span class='ocr_line' id='line_1_13' title="bbox 239 1442 1294 1522; baseline 0.002 -20"><span class='ocrx_word' id='word_1_122' title='bbox 239 1463 253 1502; x_wconf 93' lang='lat' dir='ltr'>a</span> <span class='ocrx_word' id='word_1_123' title='bbox 271 1442 370 1504; x_wconf 89' lang='lat' dir='ltr'>Catulo</span> <span class='ocrx_word' id='word_1_124' title='bbox 394 1443 468 1504; x_wconf 91' lang='lat' dir='ltr'>dicta</span> <span class='ocrx_word' id='word_1_125' title='bbox 490 1449 568 1515; x_wconf 91' lang='lat' dir='ltr'>sunt,</span> <span class='ocrx_word' id='word_1_126' title='bbox 587 1444 639 1504; x_wconf 91' lang='lat' dir='ltr'>tibi</span> <span class='ocrx_word' id='word_1_127' title='bbox 660 1461 777 1504; x_wconf 91' lang='lat' dir='ltr'>mecum</span> <span class='ocrx_word' id='word_1_128' title='bbox 797 1444 828 1504; x_wconf 92' lang='lat' dir='ltr'>in</span> <span class='ocrx_word' id='word_1_129' title='bbox 848 1443 951 1504; x_wconf 90' lang='lat' dir='ltr'>eodem</span> <span class='ocrx_word' id='word_1_130' title='bbox 972 1452 1016 1504; x_wconf 89' lang='lat' dir='ltr'>est</span> <span class='ocrx_word' id='word_1_131' title='bbox 1036 1445 1171 1522; x_wconf 87' lang='lat' dir='ltr'>pistrino,</span> <span class='ocrx_word' id='word_1_132' title='bbox 1195 1447 1294 1514; x_wconf 84' lang='lat' dir='ltr'>Crasse,</span> 
     </span>
     <span class='ocr_line' id='line_1_14' title="bbox 238 1528 1293 1610; baseline 0.003 -24"><span class='ocrx_word' id='word_1_133' title='bbox 238 1528 414 1600; x_wconf 71' lang='lat' dir='ltr'>vivendum</span> <span class='ocrx_word' id='word_1_134' title='bbox 448 1537 477 1589; x_wconf 91' lang='lat' dir='ltr'>et</span> <span class='ocrx_word' id='word_1_135' title='bbox 505 1529 591 1589; x_wconf 86' lang='lat' dir='ltr'>istam</span> <span class='ocrx_word' id='word_1_136' title='bbox 620 1530 792 1590; x_wconf 87' lang='lat' dir='ltr'>oscitantem</span> <span class='ocrx_word' id='word_1_137' title='bbox 824 1530 861 1604; x_wconf 88' lang='lat' dir='ltr'>[et</span> <span class='ocrx_word' id='word_1_138' title='bbox 888 1529 1104 1606; x_wconf 80' lang='lat' dir='ltr'>dormitantem]</span> <span class='ocrx_word' id='word_1_139' title='bbox 1136 1531 1293 1610; x_wconf 91' lang='lat' dir='ltr'>sapientiam</span> 
     </span>
    </p>

    <p class='ocr_par' dir='ltr' id='par_1_4' title="bbox 169 1614 1294 1949">
     <span class='ocr_line' id='line_1_15' title="bbox 169 1614 1294 1682; baseline 0 -10"><span class='ocrx_word' id='word_1_140' title='bbox 169 1632 225 1682; x_wconf 74' lang='lat'>145,</span> <span class='ocrx_word' id='word_1_141' title='bbox 239 1614 445 1674; x_wconf 86' lang='lat' dir='ltr'>Scaevolarum</span> <span class='ocrx_word' id='word_1_142' title='bbox 467 1622 494 1673; x_wconf 88' lang='lat' dir='ltr'>et</span> <span class='ocrx_word' id='word_1_143' title='bbox 516 1624 680 1676; x_wconf 87' lang='lat' dir='ltr'>ceterorum</span> <span class='ocrx_word' id='word_1_144' title='bbox 703 1614 856 1674; x_wconf 90' lang='lat' dir='ltr'>beatorum</span> <span class='ocrx_word' id='word_1_145' title='bbox 879 1614 937 1674; x_wconf 92' lang='lat' dir='ltr'>otio</span> <span class='ocrx_word' id='word_1_146' title='bbox 954 1615 1160 1676; x_wconf 71' lang='lat' dir='ltr'>concedamus,</span> <span class='ocrx_word' id='word_1_147' title='bbox 1196 1614 1294 1680; x_wconf 86' lang='lat' dir='ltr'>Adrisit</span> 
     </span>
     <span class='ocr_line' id='line_1_16' title="bbox 239 1698 1292 1780; baseline 0.002 -23"><span class='ocrx_word' id='word_1_148' title='bbox 239 1698 287 1759; x_wconf 84' lang='lat' dir='ltr'>hio</span> <span class='ocrx_word' id='word_1_149' title='bbox 304 1699 426 1762; x_wconf 84' lang='lat' dir='ltr'>Crassus</span> <span class='ocrx_word' id='word_1_150' title='bbox 447 1698 551 1760; x_wconf 89' lang='lat' dir='ltr'>leuiter</span> <span class='ocrx_word' id='word_1_151' title='bbox 573 1710 608 1774; x_wconf 79' lang='lat' dir='ltr'>et,</span> <span class='ocrx_word' id='word_1_152' title='bbox 628 1701 750 1761; x_wconf 81' lang='lat' dir='ltr'>Perteue</span> <span class='ocrx_word' id='word_1_153' title='bbox 770 1699 868 1772; x_wconf 86' lang='lat' dir='ltr'>modo,</span> <span class='ocrx_word' id='word_1_154' title='bbox 883 1700 987 1777; x_wconf 88' lang='lat' dir='ltr'>inquit,</span> <span class='ocrx_word' id='word_1_155' title='bbox 1007 1702 1125 1772; x_wconf 82' lang='lat' dir='ltr'>Antoni,</span> <span class='ocrx_word' id='word_1_156' title='bbox 1148 1702 1229 1780; x_wconf 85' lang='lat' dir='ltr'>quod</span> <span class='ocrx_word' id='word_1_157' title='bbox 1251 1721 1292 1760; x_wconf 84' lang='lat' dir='ltr'>ex-</span> 
     </span>
     <span class='ocr_line' id='line_1_17' title="bbox 239 1784 1293 1864; baseline -0.001 -21"><span class='ocrx_word' id='word_1_158' title='bbox 239 1802 325 1845; x_wconf 87' lang='lat' dir='ltr'>orsus</span> <span class='ocrx_word' id='word_1_159' title='bbox 341 1803 381 1846; x_wconf 91' lang='lat' dir='ltr'>es.</span> <span class='ocrx_word' id='word_1_160' title='bbox 421 1785 467 1857; x_wconf 86' lang='lat' dir='ltr'>lle</span> <span class='ocrx_word' id='word_1_161' title='bbox 488 1794 586 1846; x_wconf 83' lang='lat' dir='ltr'>tamen</span> <span class='ocrx_word' id='word_1_162' title='bbox 607 1786 660 1846; x_wconf 83' lang='lat' dir='ltr'>ista</span> <span class='ocrx_word' id='word_1_163' title='bbox 676 1785 802 1846; x_wconf 86' lang='lat' dir='ltr'>oscitans</span> <span class='ocrx_word' id='word_1_164' title='bbox 819 1784 966 1863; x_wconf 85' lang='lat' dir='ltr'>sapientia,</span> <span class='ocrx_word' id='word_1_165' title='bbox 989 1786 1165 1864; x_wconf 88' lang='lat' dir='ltr'>simulatque</span> <span class='ocrx_word' id='word_1_166' title='bbox 1186 1787 1221 1847; x_wconf 91' lang='lat' dir='ltr'>ad</span> <span class='ocrx_word' id='word_1_167' title='bbox 1242 1804 1293 1846; x_wconf 90' lang='lat' dir='ltr'>ean</span> 
     </span>
     <span class='ocr_line' id='line_1_18' title="bbox 239 1869 832 1949; baseline 0.002 -20"><span class='ocrx_word' id='word_1_168' title='bbox 239 1873 411 1949; x_wconf 83' lang='lat' dir='ltr'>confugero,</span> <span class='ocrx_word' id='word_1_169' title='bbox 431 1871 463 1930; x_wconf 95' lang='lat' dir='ltr'>in</span> <span class='ocrx_word' id='word_1_170' title='bbox 484 1871 646 1933; x_wconf 84' lang='lat' dir='ltr'>libertatem</span> <span class='ocrx_word' id='word_1_171' title='bbox 668 1869 832 1930; x_wconf 85' lang='lat' dir='ltr'>vindicabit.</span> 
     </span>
    </p>

    <p class='ocr_par' dir='ltr' id='par_1_5' title="bbox 174 1951 1295 2120">
     <span class='ocr_line' id='line_1_19' title="bbox 174 1951 1295 2034; baseline 0.002 -23"><span class='ocrx_word' id='word_1_172' title='bbox 174 1951 224 2011; x_wconf 80' lang='lat'>34.</span> <span class='ocrx_word' id='word_1_173' title='bbox 324 1955 419 2016; x_wconf 91' lang='lat' dir='ltr'>lluius</span> <span class='ocrx_word' id='word_1_174' title='bbox 451 1956 570 2033; x_wconf 90' lang='lat' dir='ltr'>quidem</span> <span class='ocrx_word' id='word_1_175' title='bbox 594 1956 666 2028; x_wconf 88' lang='lat' dir='ltr'>looi,</span> <span class='ocrx_word' id='word_1_176' title='bbox 698 1974 786 2034; x_wconf 89' lang='lat' dir='ltr'>quem</span> <span class='ocrx_word' id='word_1_177' title='bbox 817 1955 906 2014; x_wconf 91' lang='lat' dir='ltr'>modo</span> <span class='ocrx_word' id='word_1_178' title='bbox 927 1973 994 2014; x_wconf 91' lang='lat' dir='ltr'>sum</span> <span class='ocrx_word' id='word_1_179' title='bbox 1016 1974 1156 2028; x_wconf 85' lang='lat' dir='ltr'>exorsus,</span> <span class='ocrx_word' id='word_1_180' title='bbox 1187 1957 1233 2016; x_wconf 90' lang='lat' dir='ltr'>hic</span> <span class='ocrx_word' id='word_1_181' title='bbox 1261 1965 1295 2014; x_wconf 86' lang='lat' dir='ltr'>est</span> 
     </span>
     <span class='ocr_line' id='line_1_20' title="bbox 239 2041 1293 2120; baseline -0.004 -20"><span class='ocrx_word' id='word_1_182' title='bbox 239 2042 313 2114; x_wconf 85' lang='lat' dir='ltr'>finis,</span> <span class='ocrx_word' id='word_1_183' title='bbox 336 2041 432 2119; x_wconf 91' lang='lat' dir='ltr'>iuquit</span> <span class='ocrx_word' id='word_1_184' title='bbox 446 2041 608 2102; x_wconf 80' lang='lat' dir='ltr'>Antonius:</span> <span class='ocrx_word' id='word_1_185' title='bbox 632 2041 772 2120; x_wconf 92' lang='lat' dir='ltr'>quoniam</span> <span class='ocrx_word' id='word_1_186' title='bbox 787 2041 1003 2118; x_wconf 84' lang='lat' dir='ltr'>intellegeretur</span> <span class='ocrx_word' id='word_1_187' title='bbox 1023 2059 1086 2101; x_wconf 90' lang='lat' dir='ltr'>non</span> <span class='ocrx_word' id='word_1_188' title='bbox 1101 2042 1131 2101; x_wconf 92' lang='lat' dir='ltr'>iu</span> <span class='ocrx_word' id='word_1_189' title='bbox 1149 2042 1293 2102; x_wconf 89' lang='lat' dir='ltr'>hominum</span> 
     </span>
    </p>
   </div>
   <div class='ocr_carea' id='block_1_3' title="bbox 235 2225 1295 4075">
    <p class='ocr_par' dir='ltr' id='par_1_6' title="bbox 237 2225 1293 2494">
     <span class='ocr_line' id='line_1_21' title="bbox 271 2225 1293 2344; baseline -0.008 -65"><span class='ocrx_word' id='word_1_190' title='bbox 271 2292 283 2344; x_wconf 60' lang='lat' dir='ltr'><strong>f</strong></span> <span class='ocrx_word' id='word_1_191' title='bbox 309 2228 365 2344; x_wconf 59' lang='lat' dir='ltr'>trib.</span> <span class='ocrx_word' id='word_1_192' title='bbox 395 2230 422 2276; x_wconf 80' lang='lat' dir='ltr'>ia</span> <span class='ocrx_word' id='word_1_193' title='bbox 438 2229 507 2276; x_wconf 80' lang='lat' dir='ltr'>iure:</span> <span class='ocrx_word' id='word_1_194' title='bbox 527 2225 571 2274; x_wconf 87' lang='lat' dir='ltr'>das</span> <span class='ocrx_word' id='word_1_195' title='bbox 589 2228 627 2275; x_wconf 79' lang='lat' dir='ltr'>iera</span> <span class='ocrx_word' id='word_1_196' title='bbox 646 2226 709 2275; x_wconf 78' lang='lat' dir='ltr'>wind</span> <span class='ocrx_word' id='word_1_197' title='bbox 728 2226 765 2275; x_wconf 88' lang='lat' dir='ltr'>als</span> <span class='ocrx_word' id='word_1_198' title='bbox 785 2225 825 2275; x_wconf 92' lang='lat' dir='ltr'>ein</span> <span class='ocrx_word' id='word_1_199' title='bbox 845 2225 962 2292; x_wconf 79' lang='lat' dir='ltr'>Complex</span> <span class='ocrx_word' id='word_1_200' title='bbox 982 2226 1108 2277; x_wconf 87' lang='lat' dir='ltr'>einzelner</span> <span class='ocrx_word' id='word_1_201' title='bbox 1128 2225 1293 2278; x_wconf 88' lang='lat' dir='ltr'>Vorschrilten</span> 
     </span>
     <span class='ocr_line' id='line_1_22' title="bbox 238 2301 1141 2358; baseline -0.001 -14"><span class='ocrx_word' id='word_1_202' title='bbox 238 2311 269 2344; x_wconf 86' lang='lat' dir='ltr'>nn</span> <span class='ocrx_word' id='word_1_203' title='bbox 282 2301 384 2358; x_wconf 85' lang='lat' dir='ltr'>geasst.</span> <span class='ocrx_word' id='word_1_204' title='bbox 1139 2335 1141 2343; x_wconf 64' lang='lat'>.</span> 
     </span>
     <span class='ocr_line' id='line_1_23' title="bbox 307 2359 1293 2429; baseline -0.005 -15"><span class='ocrx_word' id='word_1_205' title='bbox 307 2372 390 2414; x_wconf 80' lang='lat' dir='ltr'>ornate</span> <span class='ocrx_word' id='word_1_206' title='bbox 406 2365 545 2414; x_wconf 81' lang='lat' dir='ltr'>illustrare:</span> <span class='ocrx_word' id='word_1_207' title='bbox 575 2362 638 2412; x_wconf 86' lang='lat' dir='ltr'>deon</span> <span class='ocrx_word' id='word_1_208' title='bbox 657 2361 696 2412; x_wconf 90' lang='lat' dir='ltr'>die</span> <span class='ocrx_word' id='word_1_209' title='bbox 715 2359 832 2412; x_wconf 86' lang='lat' dir='ltr'>lriiheren</span> <span class='ocrx_word' id='word_1_210' title='bbox 850 2361 1027 2413; x_wconf 82' lang='lat' dir='ltr'>Rechtslehrer</span> <span class='ocrx_word' id='word_1_211' title='bbox 1045 2365 1214 2429; x_wconf 80' lang='lat' dir='ltr'>ermengelten</span> <span class='ocrx_word' id='word_1_212' title='bbox 1234 2364 1293 2415; x_wconf 87' lang='lat' dir='ltr'>einer</span> 
     </span>
     <span class='ocr_line' id='line_1_24' title="bbox 237 2429 928 2494; baseline -0.003 -12"><span class='ocrx_word' id='word_1_213' title='bbox 237 2432 337 2482; x_wconf 89' lang='lat' dir='ltr'>solchen</span> <span class='ocrx_word' id='word_1_214' title='bbox 358 2431 563 2494; x_wconf 77' lang='lat' dir='ltr'>lberedtsamlreit,</span> <span class='ocrx_word' id='word_1_215' title='bbox 586 2431 634 2481; x_wconf 88' lang='lat' dir='ltr'>wie</span> <span class='ocrx_word' id='word_1_216' title='bbox 652 2429 688 2480; x_wconf 89' lang='lat' dir='ltr'>sie</span> <span class='ocrx_word' id='word_1_217' title='bbox 709 2429 813 2481; x_wconf 88' lang='lat' dir='ltr'>Crassus</span> <span class='ocrx_word' id='word_1_218' title='bbox 834 2430 928 2481; x_wconf 88' lang='lat' dir='ltr'>besass.</span> 
     </span>
    </p>

    <p class='ocr_par' dir='ltr' id='par_1_7' title="bbox 237 2496 1293 2633">
     <span class='ocr_line' id='line_1_25' title="bbox 305 2496 1293 2564; baseline -0.001 -15"><span class='ocrx_word' id='word_1_219' title='bbox 305 2503 399 2564; x_wconf 74' lang='lat' dir='ltr'>satiem,</span> <span class='ocrx_word' id='word_1_220' title='bbox 417 2499 463 2548; x_wconf 86' lang='lat' dir='ltr'>der</span> <span class='ocrx_word' id='word_1_221' title='bbox 480 2497 638 2562; x_wconf 83' lang='lat' dir='ltr'>Ruhesessel‚</span> <span class='ocrx_word' id='word_1_222' title='bbox 657 2496 702 2548; x_wconf 87' lang='lat' dir='ltr'>aul</span> <span class='ocrx_word' id='word_1_223' title='bbox 720 2500 839 2549; x_wconf 88' lang='lat' dir='ltr'>welchem</span> <span class='ocrx_word' id='word_1_224' title='bbox 859 2499 956 2550; x_wconf 87' lang='lat' dir='ltr'>sitzend</span> <span class='ocrx_word' id='word_1_225' title='bbox 974 2500 1013 2550; x_wconf 87' lang='lat' dir='ltr'>dic</span> <span class='ocrx_word' id='word_1_226' title='bbox 1028 2497 1160 2564; x_wconf 84' lang='lat' dir='ltr'>hejahrten</span> <span class='ocrx_word' id='word_1_227' title='bbox 1177 2505 1231 2553; x_wconf 79' lang='lat' dir='ltr'>inre</span> <span class='ocrx_word' id='word_1_228' title='bbox 1246 2515 1293 2552; x_wconf 86' lang='lat' dir='ltr'>con·</span> 
     </span>
     <span class='ocr_line' id='line_1_26' title="bbox 237 2566 983 2633; baseline 0.001 -15"><span class='ocrx_word' id='word_1_229' title='bbox 237 2572 296 2620; x_wconf 79' lang='lat' dir='ltr'>sulti</span> <span class='ocrx_word' id='word_1_230' title='bbox 312 2568 367 2618; x_wconf 88' lang='lat' dir='ltr'>ihre</span> <span class='ocrx_word' id='word_1_231' title='bbox 385 2567 612 2632; x_wconf 80' lang='lat' dir='ltr'>Rechtsguteohten</span> <span class='ocrx_word' id='word_1_232' title='bbox 631 2566 774 2633; x_wconf 88' lang='lat' dir='ltr'>ertheilten‚</span> <span class='ocrx_word' id='word_1_233' title='bbox 795 2569 846 2632; x_wconf 84' lang='lat' dir='ltr'>vgl.</span> <span class='ocrx_word' id='word_1_234' title='bbox 865 2571 905 2632; x_wconf 81' lang='lat'>55,</span> <span class='ocrx_word' id='word_1_235' title='bbox 926 2570 983 2620; x_wconf 79' lang='lat'>226.</span> 
     </span>
    </p>

    <p class='ocr_par' dir='ltr' id='par_1_8' title="bbox 306 2637 775 2700">
     <span class='ocr_line' id='line_1_27' title="bbox 306 2637 775 2700; baseline 0.002 -13"><span class='ocrx_word' id='word_1_236' title='bbox 306 2640 390 2688; x_wconf 76' lang='lat' dir='ltr'>audiet</span> <span class='ocrx_word' id='word_1_237' title='bbox 405 2653 458 2689; x_wconf 82' lang='lat' dir='ltr'>oum</span> <span class='ocrx_word' id='word_1_238' title='bbox 478 2639 573 2700; x_wconf 80' lang='lat' dir='ltr'>dr&#39;eeret,</span> <span class='ocrx_word' id='word_1_239' title='bbox 591 2637 639 2686; x_wconf 85' lang='lat' dir='ltr'>wie</span> <span class='ocrx_word' id='word_1_240' title='bbox 659 2638 698 2700; x_wconf 81' lang='grc'>31,</span> <span class='ocrx_word' id='word_1_241' title='bbox 720 2639 775 2690; x_wconf 80' lang='lat'>155.</span> 
     </span>
    </p>

    <p class='ocr_par' dir='ltr' id='par_1_9' title="bbox 237 2705 1293 2908">
     <span class='ocr_line' id='line_1_28' title="bbox 306 2705 1292 2774; baseline -0.003 -17"><span class='ocrx_word' id='word_1_242' title='bbox 306 2715 404 2768; x_wconf 69' lang='lat' dir='ltr'>urtone,</span> <span class='ocrx_word' id='word_1_243' title='bbox 430 2705 456 2755; x_wconf 91' lang='lat' dir='ltr'>in</span> <span class='ocrx_word' id='word_1_244' title='bbox 479 2705 570 2756; x_wconf 86' lang='lat' dir='ltr'>diesem</span> <span class='ocrx_word' id='word_1_245' title='bbox 591 2705 666 2755; x_wconf 88' lang='lat' dir='ltr'>Sinna</span> <span class='ocrx_word' id='word_1_246' title='bbox 691 2708 753 2755; x_wconf 85' lang='lat' dir='ltr'>auch</span> <span class='ocrx_word' id='word_1_247' title='bbox 776 2705 821 2755; x_wconf 87' lang='lat' dir='ltr'>nit</span> <span class='ocrx_word' id='word_1_248' title='bbox 845 2709 998 2757; x_wconf 80' lang='lat' dir='ltr'>deliberatum</span> <span class='ocrx_word' id='word_1_249' title='bbox 1023 2705 1169 2757; x_wconf 85' lang='lat' dir='ltr'>verbunden</span> <span class='ocrx_word' id='word_1_250' title='bbox 1187 2725 1210 2774; x_wconf 88' lang='lat' dir='ltr'>p.</span> <span class='ocrx_word' id='word_1_251' title='bbox 1228 2707 1292 2757; x_wconf 87' lang='lat' dir='ltr'>llosc.</span> 
     </span>
     <span class='ocr_line' id='line_1_29' title="bbox 237 2775 1293 2842; baseline 0.001 -19"><span class='ocrx_word' id='word_1_252' title='bbox 237 2775 265 2826; x_wconf 86' lang='grc' dir='ltr'>Α,</span> <span class='ocrx_word' id='word_1_253' title='bbox 286 2777 386 2836; x_wconf 77' lang='grc'><strong>11,31;</strong></span> <span class='ocrx_word' id='word_1_254' title='bbox 413 2775 507 2826; x_wconf 80' lang='lat' dir='ltr'>Certum</span> <span class='ocrx_word' id='word_1_255' title='bbox 530 2785 564 2826; x_wconf 83' lang='lat' dir='ltr'>eet</span> <span class='ocrx_word' id='word_1_256' title='bbox 589 2777 919 2839; x_wconf 72' lang='lat' dir='ltr'>deliberatumque-omnia</span> <span class='ocrx_word' id='word_1_257' title='bbox 943 2791 991 2825; x_wconf 81' lang='lat' dir='ltr'>nere</span> <span class='ocrx_word' id='word_1_258' title='bbox 1012 2779 1080 2826; x_wconf 76' lang='lat' dir='ltr'>enode</span> <span class='ocrx_word' id='word_1_259' title='bbox 1108 2779 1198 2842; x_wconf 75' lang='lat' dir='ltr'>dicere,</span> <span class='ocrx_word' id='word_1_260' title='bbox 1222 2790 1293 2828; x_wconf 63' lang='lat' dir='ltr'>oron</span> 
     </span>
     <span class='ocr_line' id='line_1_30' title="bbox 237 2847 792 2908; baseline -0.002 -14"><span class='ocrx_word' id='word_1_261' title='bbox 237 2847 306 2894; x_wconf 81' lang='lat' dir='ltr'>etiem</span> <span class='ocrx_word' id='word_1_262' title='bbox 324 2847 428 2904; x_wconf 74' lang='lat' dir='ltr'>libenter,</span> <span class='ocrx_word' id='word_1_263' title='bbox 440 2847 553 2895; x_wconf 71' lang='lat' dir='ltr'>audader</span> <span class='ocrx_word' id='word_1_264' title='bbox 574 2848 692 2908; x_wconf 77' lang='lat' dir='ltr'>libereque</span> <span class='ocrx_word' id='word_1_265' title='bbox 710 2847 792 2897; x_wconf 78' lang='lat' dir='ltr'>dicere.</span> 
     </span>
    </p>

    <p class='ocr_par' dir='ltr' id='par_1_10' title="bbox 236 2911 1294 3116">
     <span class='ocr_line' id='line_1_31' title="bbox 308 2911 1294 2980; baseline -0.003 -17"><span class='ocrx_word' id='word_1_266' title='bbox 308 2914 364 2964; x_wconf 79' lang='lat'>144.</span> <span class='ocrx_word' id='word_1_267' title='bbox 395 2916 491 2963; x_wconf 66' lang='lat' dir='ltr'>tertiata</span> <span class='ocrx_word' id='word_1_268' title='bbox 504 2918 636 2977; x_wconf 72' lang='lat' dir='ltr'>causisque,</span> <span class='ocrx_word' id='word_1_269' title='bbox 657 2929 678 2962; x_wconf 84' lang='lat' dir='ltr'>s.</span> <span class='ocrx_word' id='word_1_270' title='bbox 693 2927 713 2963; x_wconf 87' lang='lat' dir='ltr'>z.</span> <span class='ocrx_word' id='word_1_271' title='bbox 727 2914 769 2975; x_wconf 81' lang='lat'>24,</span> <span class='ocrx_word' id='word_1_272' title='bbox 788 2915 821 2966; x_wconf 83' lang='grc'>99</span> <span class='ocrx_word' id='word_1_273' title='bbox 838 2913 887 2963; x_wconf 87' lang='lat' dir='ltr'>und</span> <span class='ocrx_word' id='word_1_274' title='bbox 905 2912 1022 2976; x_wconf 75' lang='lat' dir='ltr'>vgl.DiV.</span> <span class='ocrx_word' id='word_1_275' title='bbox 1041 2911 1066 2961; x_wconf 89' lang='grc'>111</span> <span class='ocrx_word' id='word_1_276' title='bbox 1079 2912 1107 2976; x_wconf 76' lang='lat' dir='ltr'>Q.</span> <span class='ocrx_word' id='word_1_277' title='bbox 1127 2912 1199 2964; x_wconf 89' lang='lat' dir='ltr'>Caeo.</span> <span class='ocrx_word' id='word_1_278' title='bbox 1215 2916 1238 2980; x_wconf 83' lang='lat'>8,</span> <span class='ocrx_word' id='word_1_279' title='bbox 1255 2913 1294 2962; x_wconf 77' lang='lat'>25:</span> 
     </span>
     <span class='ocr_line' id='line_1_32' title="bbox 236 2983 1293 3046; baseline -0.004 -14"><span class='ocrx_word' id='word_1_280' title='bbox 236 2984 266 3032; x_wconf 79' lang='lat' dir='ltr'>L.</span> <span class='ocrx_word' id='word_1_281' title='bbox 283 2983 396 3032; x_wconf 70' lang='lat' dir='ltr'>Gramen</span> <span class='ocrx_word' id='word_1_282' title='bbox 418 2991 440 3032; x_wconf 87' lang='lat' dir='ltr'>et</span> <span class='ocrx_word' id='word_1_283' title='bbox 457 2984 494 3032; x_wconf 79' lang='lat' dir='ltr'>M.</span> <span class='ocrx_word' id='word_1_284' title='bbox 516 2986 667 3045; x_wconf 77' lang='lat' dir='ltr'>Antonium,</span> <span class='ocrx_word' id='word_1_285' title='bbox 692 2986 738 3046; x_wconf 77' lang='lat' dir='ltr'>qui</span> <span class='ocrx_word' id='word_1_286' title='bbox 759 2985 823 3033; x_wconf 77' lang='lat' dir='ltr'>nteit</span> <span class='ocrx_word' id='word_1_287' title='bbox 845 2999 870 3032; x_wconf 86' lang='lat' dir='ltr'>ee</span> <span class='ocrx_word' id='word_1_288' title='bbox 891 2983 1073 3032; x_wconf 76' lang='lat' dir='ltr'>arbitrabantur</span> <span class='ocrx_word' id='word_1_289' title='bbox 1090 2985 1124 3031; x_wconf 83' lang='lat' dir='ltr'>ad</span> <span class='ocrx_word' id='word_1_290' title='bbox 1139 2985 1230 3034; x_wconf 73' lang='lat' dir='ltr'>iudicia</span> <span class='ocrx_word' id='word_1_291' title='bbox 1246 2997 1293 3031; x_wconf 82' lang='lat' dir='ltr'>eau-</span> 
     </span>
     <span class='ocr_line' id='line_1_33' title="bbox 236 3049 1264 3116; baseline -0.001 -17"><span class='ocrx_word' id='word_1_292' title='bbox 236 3066 320 3113; x_wconf 79' lang='lat' dir='ltr'>eesqoe</span> <span class='ocrx_word' id='word_1_293' title='bbox 335 3054 464 3100; x_wconf 70' lang='lat' dir='ltr'>amborum</span> <span class='ocrx_word' id='word_1_294' title='bbox 481 3063 576 3112; x_wconf 79' lang='lat' dir='ltr'>praeter</span> <span class='ocrx_word' id='word_1_295' title='bbox 586 3055 663 3115; x_wconf 84' lang='lat' dir='ltr'>fldem</span> <span class='ocrx_word' id='word_1_296' title='bbox 682 3061 704 3102; x_wconf 84' lang='lat' dir='ltr'>et</span> <span class='ocrx_word' id='word_1_297' title='bbox 721 3053 842 3116; x_wconf 68' lang='lat' dir='ltr'>ingenium</span> <span class='ocrx_word' id='word_1_298' title='bbox 859 3054 956 3116; x_wconf 82' lang='lat' dir='ltr'>adferre</span> <span class='ocrx_word' id='word_1_299' title='bbox 974 3061 1094 3114; x_wconf 80' lang='lat' dir='ltr'>oportere;</span> <span class='ocrx_word' id='word_1_300' title='bbox 1115 3049 1183 3101; x_wconf 89' lang='lat' dir='ltr'>ebds.</span> <span class='ocrx_word' id='word_1_301' title='bbox 1204 3055 1227 3116; x_wconf 89' lang='lat'>1,</span> <span class='ocrx_word' id='word_1_302' title='bbox 1245 3051 1264 3101; x_wconf 93' lang='lat'>1.</span> 
     </span>
    </p>

    <p class='ocr_par' dir='ltr' id='par_1_11' title="bbox 236 3116 1295 3240">
     <span class='ocr_line' id='line_1_34' title="bbox 304 3116 1295 3186; baseline -0.001 -18"><span class='ocrx_word' id='word_1_303' title='bbox 304 3123 423 3168; x_wconf 67' lang='lat' dir='ltr'>ambirem</span> <span class='ocrx_word' id='word_1_304' title='bbox 440 3136 510 3169; x_wconf 82' lang='lat' dir='ltr'>ereum</span> <span class='ocrx_word' id='word_1_305' title='bbox 532 3121 582 3184; x_wconf 88' lang='lat' dir='ltr'>(od.</span> <span class='ocrx_word' id='word_1_306' title='bbox 602 3118 715 3186; x_wconf 75' lang='lat' dir='ltr'>alieuius)</span> <span class='ocrx_word' id='word_1_307' title='bbox 732 3147 767 3156; x_wconf 89' lang='lat'><em>-</em></span> <span class='ocrx_word' id='word_1_308' title='bbox 789 3123 918 3184; x_wconf 76' lang='lat' dir='ltr'>inplorari,</span> <span class='ocrx_word' id='word_1_309' title='bbox 940 3136 968 3170; x_wconf 91' lang='lat' dir='ltr'>so</span> <span class='ocrx_word' id='word_1_310' title='bbox 992 3119 1079 3169; x_wconf 86' lang='lat' dir='ltr'>immer</span> <span class='ocrx_word' id='word_1_311' title='bbox 1095 3117 1137 3169; x_wconf 79' lang='lat' dir='ltr'>liir</span> <span class='ocrx_word' id='word_1_312' title='bbox 1154 3131 1240 3171; x_wconf 85' lang='lat' dir='ltr'>unser:</span> <span class='ocrx_word' id='word_1_313' title='bbox 1257 3116 1295 3180; x_wconf 63' lang='lat' dir='ltr'>je*</span> 
     </span>
     <span class='ocr_line' id='line_1_35' title="bbox 236 3185 623 3240; baseline 0.01 -4"><span class='ocrx_word' id='word_1_314' title='bbox 236 3187 339 3236; x_wconf 82' lang='lat' dir='ltr'>munden</span> <span class='ocrx_word' id='word_1_315' title='bbox 359 3202 400 3237; x_wconf 88' lang='grc'><strong>11111</strong></span> <span class='ocrx_word' id='word_1_316' title='bbox 418 3185 484 3237; x_wconf 85' lang='lat' dir='ltr'>Hillo</span> <span class='ocrx_word' id='word_1_317' title='bbox 501 3190 623 3240; x_wconf 84' lang='lat' dir='ltr'>anssehen.</span> 
     </span>
    </p>

    <p class='ocr_par' dir='ltr' id='par_1_12' title="bbox 239 3255 1292 3392">
     <span class='ocr_line' id='line_1_36' title="bbox 305 3255 1292 3322; baseline -0.002 -16"><span class='ocrx_word' id='word_1_318' title='bbox 305 3259 369 3306; x_wconf 84' lang='lat' dir='ltr'>Nam</span> <span class='ocrx_word' id='word_1_319' title='bbox 387 3259 472 3311; x_wconf 77' lang='lat' dir='ltr'>berete.</span> <span class='ocrx_word' id='word_1_320' title='bbox 506 3256 544 3306; x_wconf 86' lang='lat' dir='ltr'>Zu</span> <span class='ocrx_word' id='word_1_321' title='bbox 564 3258 687 3321; x_wconf 80' lang='lat' dir='ltr'>erg&#39;ainzen</span> <span class='ocrx_word' id='word_1_322' title='bbox 705 3258 749 3307; x_wconf 90' lang='lat' dir='ltr'>ist:</span> <span class='ocrx_word' id='word_1_323' title='bbox 773 3255 816 3321; x_wconf 87' lang='lat' dir='ltr'>ja,</span> <span class='ocrx_word' id='word_1_324' title='bbox 838 3255 896 3322; x_wconf 77' lang='lat' dir='ltr'>frige</span> <span class='ocrx_word' id='word_1_325' title='bbox 915 3256 971 3307; x_wconf 89' lang='lat' dir='ltr'>dich</span> <span class='ocrx_word' id='word_1_326' title='bbox 990 3272 1048 3319; x_wconf 83' lang='lat' dir='ltr'>nur3</span> <span class='ocrx_word' id='word_1_327' title='bbox 1073 3255 1126 3320; x_wconf 85' lang='lat' dir='ltr'>vgl.</span> <span class='ocrx_word' id='word_1_328' title='bbox 1150 3260 1213 3308; x_wconf 84' lang='lat' dir='ltr'>em&#39;m</span> <span class='ocrx_word' id='word_1_329' title='bbox 1238 3255 1292 3306; x_wconf 85' lang='lat' dir='ltr'>oben</span> 
     </span>
     <span class='ocr_line' id='line_1_37' title="bbox 239 3324 1117 3392; baseline -0.003 -15"><span class='ocrx_word' id='word_1_330' title='bbox 239 3327 279 3388; x_wconf 86' lang='lat' dir='ltr'>to,</span> <span class='ocrx_word' id='word_1_331' title='bbox 296 3327 330 3377; x_wconf 82' lang='lat' dir='ltr'>to</span> <span class='ocrx_word' id='word_1_332' title='bbox 347 3325 397 3374; x_wconf 90' lang='lat' dir='ltr'>und</span> <span class='ocrx_word' id='word_1_333' title='bbox 416 3324 441 3374; x_wconf 88' lang='lat' dir='ltr'>in</span> <span class='ocrx_word' id='word_1_334' title='bbox 459 3324 532 3377; x_wconf 88' lang='lat' dir='ltr'>Verr.</span> <span class='ocrx_word' id='word_1_335' title='bbox 553 3325 570 3376; x_wconf 92' lang='lat' dir='ltr'>l.</span> <span class='ocrx_word' id='word_1_336' title='bbox 592 3329 633 3392; x_wconf 84' lang='grc'>51,</span> <span class='ocrx_word' id='word_1_337' title='bbox 657 3329 716 3380; x_wconf 83' lang='lat'>133:</span> <span class='ocrx_word' id='word_1_338' title='bbox 736 3344 793 3378; x_wconf 80' lang='lat' dir='ltr'>nom</span> <span class='ocrx_word' id='word_1_339' title='bbox 813 3330 944 3379; x_wconf 72' lang='lat' dir='ltr'>mehercule</span> <span class='ocrx_word' id='word_1_340' title='bbox 962 3329 996 3376; x_wconf 82' lang='lat' dir='ltr'>eie</span> <span class='ocrx_word' id='word_1_341' title='bbox 1012 3342 1117 3390; x_wconf 70' lang='lat' dir='ltr'>apamea.</span> 
     </span>
    </p>

    <p class='ocr_par' dir='ltr' id='par_1_13' title="bbox 235 3391 1292 3652">
     <span class='ocr_line' id='line_1_38' title="bbox 300 3391 1292 3456; baseline -0.004 -13"><span class='ocrx_word' id='word_1_342' title='bbox 300 3397 414 3456; x_wconf 75' lang='lat' dir='ltr'>pistrino.</span> <span class='ocrx_word' id='word_1_343' title='bbox 459 3393 598 3446; x_wconf 89' lang='lat' dir='ltr'>Denselhen</span> <span class='ocrx_word' id='word_1_344' title='bbox 619 3395 751 3446; x_wconf 81' lang='lat' dir='ltr'>Ausdruck</span> <span class='ocrx_word' id='word_1_345' title='bbox 777 3396 883 3446; x_wconf 87' lang='lat' dir='ltr'>braucht</span> <span class='ocrx_word' id='word_1_346' title='bbox 909 3395 1012 3446; x_wconf 83' lang='lat' dir='ltr'>Crassus</span> <span class='ocrx_word' id='word_1_347' title='bbox 1036 3392 1054 3443; x_wconf 90' lang='lat'>1.</span> <span class='ocrx_word' id='word_1_348' title='bbox 1082 3396 1121 3456; x_wconf 94' lang='grc'>11,</span> <span class='ocrx_word' id='word_1_349' title='bbox 1143 3395 1185 3456; x_wconf 84' lang='grc'><strong>46,</strong></span> <span class='ocrx_word' id='word_1_350' title='bbox 1204 3408 1242 3444; x_wconf 90' lang='lat' dir='ltr'>um</span> <span class='ocrx_word' id='word_1_351' title='bbox 1259 3391 1292 3440; x_wconf 83' lang='lat' dir='ltr'>die</span> 
     </span>
     <span class='ocr_line' id='line_1_39' title="bbox 236 3461 1292 3530; baseline -0.005 -17"><span class='ocrx_word' id='word_1_352' title='bbox 236 3462 453 3527; x_wconf 83' lang='lat' dir='ltr'>gcringschiitzige</span> <span class='ocrx_word' id='word_1_353' title='bbox 478 3462 583 3514; x_wconf 77' lang='lat' dir='ltr'>Ansioht</span> <span class='ocrx_word' id='word_1_354' title='bbox 610 3465 654 3515; x_wconf 88' lang='lat' dir='ltr'>der</span> <span class='ocrx_word' id='word_1_355' title='bbox 680 3465 852 3530; x_wconf 84' lang='lat' dir='ltr'>griechischen</span> <span class='ocrx_word' id='word_1_356' title='bbox 878 3463 1044 3530; x_wconf 86' lang='lat' dir='ltr'>Philosophen</span> <span class='ocrx_word' id='word_1_357' title='bbox 1070 3461 1152 3512; x_wconf 85' lang='lat' dir='ltr'>seiner</span> <span class='ocrx_word' id='word_1_358' title='bbox 1170 3461 1226 3512; x_wconf 86' lang='lat' dir='ltr'>Zeit</span> <span class='ocrx_word' id='word_1_359' title='bbox 1249 3476 1292 3508; x_wconf 86' lang='lat' dir='ltr'>von</span> 
     </span>
     <span class='ocr_line' id='line_1_40' title="bbox 235 3531 1291 3596; baseline -0.003 -15"><span class='ocrx_word' id='word_1_360' title='bbox 235 3533 280 3582; x_wconf 90' lang='lat' dir='ltr'>der</span> <span class='ocrx_word' id='word_1_361' title='bbox 296 3531 410 3596; x_wconf 77' lang='lat' dir='ltr'>Aulgehe</span> <span class='ocrx_word' id='word_1_362' title='bbox 434 3533 477 3584; x_wconf 84' lang='lat' dir='ltr'>des</span> <span class='ocrx_word' id='word_1_363' title='bbox 495 3531 604 3584; x_wconf 82' lang='lat' dir='ltr'>Redners</span> <span class='ocrx_word' id='word_1_364' title='bbox 633 3535 710 3584; x_wconf 85' lang='lat' dir='ltr'>durch</span> <span class='ocrx_word' id='word_1_365' title='bbox 733 3534 787 3585; x_wconf 91' lang='lat' dir='ltr'>eine</span> <span class='ocrx_word' id='word_1_366' title='bbox 809 3533 995 3596; x_wconf 83' lang='lat' dir='ltr'>Vergleichung</span> <span class='ocrx_word' id='word_1_367' title='bbox 1016 3531 1062 3581; x_wconf 89' lang='lat' dir='ltr'>mit</span> <span class='ocrx_word' id='word_1_368' title='bbox 1080 3532 1126 3581; x_wconf 86' lang='lat' dir='ltr'>der</span> <span class='ocrx_word' id='word_1_369' title='bbox 1143 3531 1233 3581; x_wconf 82' lang='lat' dir='ltr'>Arbeit</span> <span class='ocrx_word' id='word_1_370' title='bbox 1249 3544 1291 3578; x_wconf 84' lang='lat' dir='ltr'>von</span> 
     </span>
     <span class='ocr_line' id='line_1_41' title="bbox 235 3601 519 3652; baseline 0.011 -3"><span class='ocrx_word' id='word_1_371' title='bbox 235 3601 344 3652; x_wconf 86' lang='lat' dir='ltr'>Skleven</span> <span class='ocrx_word' id='word_1_372' title='bbox 362 3601 519 3652; x_wconf 87' lang='lat' dir='ltr'>bezeichnen.</span> 
     </span>
    </p>

    <p class='ocr_par' dir='ltr' id='par_1_14' title="bbox 304 3667 1292 3736">
     <span class='ocr_line' id='line_1_42' title="bbox 304 3667 1292 3736; baseline -0.007 -16"><span class='ocrx_word' id='word_1_373' title='bbox 304 3675 453 3735; x_wconf 72' lang='lat' dir='ltr'>oscitantem,</span> <span class='ocrx_word' id='word_1_374' title='bbox 472 3670 506 3720; x_wconf 88' lang='lat' dir='ltr'>im</span> <span class='ocrx_word' id='word_1_375' title='bbox 525 3669 664 3736; x_wconf 82' lang='lat' dir='ltr'>Gegensetz</span> <span class='ocrx_word' id='word_1_376' title='bbox 681 3687 712 3721; x_wconf 85' lang='lat' dir='ltr'>zu</span> <span class='ocrx_word' id='word_1_377' title='bbox 731 3671 775 3722; x_wconf 90' lang='lat' dir='ltr'>der</span> <span class='ocrx_word' id='word_1_378' title='bbox 793 3669 950 3720; x_wconf 88' lang='lat' dir='ltr'>miihevollen</span> <span class='ocrx_word' id='word_1_379' title='bbox 970 3667 1059 3719; x_wconf 80' lang='lat' dir='ltr'>Arbeit</span> <span class='ocrx_word' id='word_1_380' title='bbox 1075 3668 1118 3718; x_wconf 87' lang='lat' dir='ltr'>der</span> <span class='ocrx_word' id='word_1_381' title='bbox 1135 3667 1292 3719; x_wconf 86' lang='lat' dir='ltr'>Saehwalter.</span> 
     </span>
    </p>

    <p class='ocr_par' dir='ltr' id='par_1_15' title="bbox 304 3737 1291 3805">
     <span class='ocr_line' id='line_1_43' title="bbox 304 3737 1291 3805; baseline -0.006 -15"><span class='ocrx_word' id='word_1_382' title='bbox 304 3741 476 3802; x_wconf 80' lang='lat' dir='ltr'>Seaeoobarum,</span> <span class='ocrx_word' id='word_1_383' title='bbox 496 3739 534 3790; x_wconf 85' lang='lat' dir='ltr'>als</span> <span class='ocrx_word' id='word_1_384' title='bbox 547 3741 591 3790; x_wconf 90' lang='lat' dir='ltr'>der</span> <span class='ocrx_word' id='word_1_385' title='bbox 606 3739 821 3805; x_wconf 77' lang='lat' dir='ltr'>Repriisentanten</span> <span class='ocrx_word' id='word_1_386' title='bbox 832 3737 897 3788; x_wconf 84' lang='lat' dir='ltr'>aller</span> <span class='ocrx_word' id='word_1_387' title='bbox 909 3742 972 3790; x_wconf 73' lang='lat' dir='ltr'>burda</span> <span class='ocrx_word' id='word_1_388' title='bbox 984 3740 1101 3796; x_wconf 52' lang='lat' dir='ltr'>consult&amp;</span> <span class='ocrx_word' id='word_1_389' title='bbox 1116 3737 1168 3801; x_wconf 82' lang='lat' dir='ltr'>vgl.</span> <span class='ocrx_word' id='word_1_390' title='bbox 1179 3737 1197 3788; x_wconf 86' lang='lat' dir='ltr'>l.</span> <span class='ocrx_word' id='word_1_391' title='bbox 1209 3740 1246 3800; x_wconf 90' lang='lat'>10,</span> <span class='ocrx_word' id='word_1_392' title='bbox 1256 3737 1291 3786; x_wconf 83' lang='grc'>39.</span> 
     </span>
    </p>

    <p class='ocr_par' dir='ltr' id='par_1_16' title="bbox 304 3805 1292 3871">
     <span class='ocr_line' id='line_1_44' title="bbox 304 3805 1292 3871; baseline -0.005 -14"><span class='ocrx_word' id='word_1_393' title='bbox 304 3811 431 3859; x_wconf 77' lang='lat' dir='ltr'>beatorum.</span> <span class='ocrx_word' id='word_1_394' title='bbox 457 3807 581 3860; x_wconf 81' lang='lat' dir='ltr'>Aehnlioh</span> <span class='ocrx_word' id='word_1_395' title='bbox 596 3809 664 3858; x_wconf 89' lang='lat' dir='ltr'>steht</span> <span class='ocrx_word' id='word_1_396' title='bbox 673 3811 752 3858; x_wconf 81' lang='lat' dir='ltr'>beatus</span> <span class='ocrx_word' id='word_1_397' title='bbox 761 3806 786 3855; x_wconf 90' lang='lat' dir='ltr'>in</span> <span class='ocrx_word' id='word_1_398' title='bbox 796 3807 850 3856; x_wconf 85' lang='lat' dir='ltr'>dem</span> <span class='ocrx_word' id='word_1_399' title='bbox 860 3805 935 3856; x_wconf 89' lang='lat' dir='ltr'>Sinne</span> <span class='ocrx_word' id='word_1_400' title='bbox 945 3823 993 3857; x_wconf 90' lang='lat' dir='ltr'>von</span> <span class='ocrx_word' id='word_1_401' title='bbox 1004 3810 1091 3856; x_wconf 74' lang='lat' dir='ltr'>otiosus</span> <span class='ocrx_word' id='word_1_402' title='bbox 1101 3822 1124 3871; x_wconf 92' lang='lat' dir='ltr'>p.</span> <span class='ocrx_word' id='word_1_403' title='bbox 1135 3805 1199 3856; x_wconf 88' lang='lat' dir='ltr'>Mur.</span> <span class='ocrx_word' id='word_1_404' title='bbox 1210 3809 1247 3866; x_wconf 84' lang='lat'>12,</span> <span class='ocrx_word' id='word_1_405' title='bbox 1258 3805 1292 3854; x_wconf 80' lang='lat' dir='ltr'>tt.</span> 
     </span>
    </p>

    <p class='ocr_par' dir='ltr' id='par_1_17' title="bbox 236 3872 1292 4008">
     <span class='ocr_line' id='line_1_45' title="bbox 309 3872 1292 3940; baseline -0.008 -13"><span class='ocrx_word' id='word_1_406' title='bbox 309 3879 364 3928; x_wconf 78' lang='lat'>145.</span> <span class='ocrx_word' id='word_1_407' title='bbox 398 3894 504 3940; x_wconf 61' lang='lat' dir='ltr'>nereus,</span> <span class='ocrx_word' id='word_1_408' title='bbox 522 3877 568 3927; x_wconf 88' lang='lat' dir='ltr'>mit</span> <span class='ocrx_word' id='word_1_409' title='bbox 585 3875 738 3940; x_wconf 80' lang='lat' dir='ltr'>hnspielung</span> <span class='ocrx_word' id='word_1_410' title='bbox 755 3873 859 3925; x_wconf 77' lang='lat' dir='ltr'>auidas</span> <span class='ocrx_word' id='word_1_411' title='bbox 879 3873 987 3926; x_wconf 83' lang='lat' dir='ltr'>Gewebe</span> <span class='ocrx_word' id='word_1_412' title='bbox 1012 3875 1133 3940; x_wconf 61' lang='lat' dir='ltr'>(paene),</span> <span class='ocrx_word' id='word_1_413' title='bbox 1159 3872 1199 3925; x_wconf 81' lang='lat' dir='ltr'>fair</span> <span class='ocrx_word' id='word_1_414' title='bbox 1214 3875 1292 3923; x_wconf 81' lang='lat' dir='ltr'>desset</span> 
     </span>
     <span class='ocr_line' id='line_1_46' title="bbox 236 3941 1153 4008; baseline 0.002 -18"><span class='ocrx_word' id='word_1_415' title='bbox 236 3942 327 4006; x_wconf 85' lang='lat' dir='ltr'>Bcginn</span> <span class='ocrx_word' id='word_1_416' title='bbox 346 3949 455 3996; x_wconf 67' lang='lat' dir='ltr'>erudiri</span> <span class='ocrx_word' id='word_1_417' title='bbox 470 3945 514 3994; x_wconf 86' lang='lat' dir='ltr'>der</span> <span class='ocrx_word' id='word_1_418' title='bbox 531 3943 708 4008; x_wconf 80' lang='lat' dir='ltr'>regelmiissige</span> <span class='ocrx_word' id='word_1_419' title='bbox 725 3941 857 3991; x_wconf 77' lang='lat' dir='ltr'>Ausuruck</span> <span class='ocrx_word' id='word_1_420' title='bbox 877 3958 945 4006; x_wconf 80' lang='lat' dir='ltr'>war3</span> <span class='ocrx_word' id='word_1_421' title='bbox 963 3944 1016 4008; x_wconf 86' lang='lat' dir='ltr'>vgl.</span> <span class='ocrx_word' id='word_1_422' title='bbox 1034 3945 1075 4006; x_wconf 81' lang='lat'>38,</span> <span class='ocrx_word' id='word_1_423' title='bbox 1097 3946 1153 3996; x_wconf 76' lang='lat'>158.</span> 
     </span>
    </p>

    <p class='ocr_par' dir='ltr' id='par_1_18' title="bbox 304 4007 1293 4075">
     <span class='ocr_line' id='line_1_47' title="bbox 304 4007 1293 4075; baseline -0.009 -8"><span class='ocrx_word' id='word_1_424' title='bbox 304 4007 356 4067; x_wconf 83' lang='grc'>34-</span> <span class='ocrx_word' id='word_1_425' title='bbox 385 4016 463 4075; x_wconf 75' lang='lat' dir='ltr'>fiete:</span> <span class='ocrx_word' id='word_1_426' title='bbox 487 4014 531 4062; x_wconf 87' lang='lat' dir='ltr'>das</span> <span class='ocrx_word' id='word_1_427' title='bbox 549 4011 613 4073; x_wconf 89' lang='lat' dir='ltr'>Ziel,</span> <span class='ocrx_word' id='word_1_428' title='bbox 636 4010 682 4059; x_wconf 86' lang='lat' dir='ltr'>der</span> <span class='ocrx_word' id='word_1_429' title='bbox 701 4009 793 4059; x_wconf 83' lang='lat' dir='ltr'>Zweck</span> <span class='ocrx_word' id='word_1_430' title='bbox 812 4010 903 4074; x_wconf 82' lang='lat' dir='ltr'>(dieses</span> <span class='ocrx_word' id='word_1_431' title='bbox 921 4011 1022 4063; x_wconf 87' lang='lat' dir='ltr'>Theiles</span> <span class='ocrx_word' id='word_1_432' title='bbox 1040 4010 1134 4062; x_wconf 88' lang='lat' dir='ltr'>meines</span> <span class='ocrx_word' id='word_1_433' title='bbox 1153 4009 1293 4072; x_wconf 80' lang='lat' dir='ltr'>Vortragsl:</span> 
     </span>
    </p>
   </div>
   <div class='ocr_carea' id='block_1_4' title="bbox 0 0 1380 4519">
    <p class='ocr_par' dir='ltr' id='par_1_19' title="bbox 0 0 1380 4519">
     <span class='ocr_line' id='line_1_48' title="bbox 0 0 1380 4519; baseline 0 0"><span class='ocrx_word' id='word_1_434' title='bbox 0 0 1380 4519; x_wconf 95' lang='lat' dir='ltr'> </span> 
     </span>
    </p>
   </div>
  </div>
 </body>
</html>
