2826 4520
206 329 248 394 84
374 395 378 414 ι
423 325 465 376 nu
483 323 646 389 orraroau,
663 325 706 376 uo.
720 323 739 378 1.
756 340 809 390 ap.
822 326 863 376 aa.
884 323 1059 388 §ita-147.

206 483 300 543 dicam
322 483 467 554 adiuvare,
489 482 622 541 mentiar.
660 479 754 540 Habet
775 479 855 539 euim
871 481 1014 557 quaedam
1030 481 1113 556 quasi
1135 482 1170 541 ad
1193 501 1279 542 com-

206 569 389 630 monendum
413 577 577 643 oratorem,
604 584 664 642 quo
686 564 818 643 quidque
838 568 946 624 reserat
967 573 996 624 et
1019 583 1077 641 quo
1100 567 1219 626 intuens
1242 569 1279 626 ab

137 659 192 708 tto.
207 673 252 726 eo,
274 654 483 731 quodcumque
504 651 559 711 sihi
579 650 777 729 proposuerit,
804 651 902 709 miuus
924 649 1047 735 aberret.
1092 651 1201 711 Verum
1224 671 1279 730 ego

209 740 284 798 hane
305 739 364 798 vim
386 738 521 814 intellego
543 753 607 795 esse
629 737 659 794 in
682 736 844 814 praeceptis
868 735 1017 806 omnibus
1038 753 1101 796 uon
1122 744 1156 796 ut
1178 755 1210 796 ea
1230 757 1280 797 se-

208 825 267 884 cuti
290 833 421 882 oratores
444 820 627 898 eloquentiae
652 819 769 879 laudem
797 819 856 880 sint
885 819 998 897 adepti,
1030 821 1098 892 sed,
1128 839 1203 899 quae
1225 841 1280 882 sua

208 917 313 987 sponte
335 908 470 967 homiues
500 907 670 982 eloquentes
701 908 845 976 lacerent,
879 923 911 964 ea
941 904 1086 980 quosdam
1108 906 1282 967 observasse

207 1005 294 1070 atque
318 990 497 1072 ‹·onle9e'sae,·
529 991 571 1050 sic
599 1008 662 1049 esse
689 1008 750 1048 uon
780 989 974 1066 eloquentiam
1003 1009 1038 1049 ex
1060 991 1197 1063 artificio,
1228 993 1280 1052 sed

208 1078 360 1138 artilicium
382 1095 417 1136 ex
432 1075 597 1151 eloquentia
617 1083 735 1147 natum3
757 1075 838 1151 quod
860 1082 968 1146 tamen,
990 1084 1023 1134 ut
1037 1081 1104 1134 ante
1127 1075 1196 1148 dixi,
1218 1095 1280 1136 non

208 1163 298 1233 eicio;
331 1169 375 1220 est
402 1161 497 1231 enirn,
527 1160 612 1219 etiam
635 1159 778 1219 siminus
802 1159 1001 1219 necessarium
1024 1161 1059 1220 ad
1082 1159 1157 1220 bene
1179 1161 1280 1221 dicen-

139 1252 194 1302 tit.
209 1249 294 1319 duin,
329 1255 427 1305 tamen
449 1244 485 1304 ad
508 1244 747 1322 cognoscendum
774 1263 836 1303 non
859 1242 1017 1304 inliberale.
1060 1244 1097 1304 Et
1114 1246 1280 1307 exercitatio

209 1331 352 1410 quaedam
375 1330 561 1408 suscipienda
583 1328 667 1388 vohis
697 1338 756 1402 est3
787 1347 967 1406 quamquam
996 1347 1049 1388 vos
1081 1331 1199 1407 quidem
1223 1333 1281 1392 iarn

209 1416 323 1496 pridem
346 1415 414 1474 estis
435 1414 467 1474 in
487 1432 593 1475 cursu:
626 1413 678 1473 sed
699 1413 748 1488 iis,
776 1416 827 1491 qui
857 1414 1063 1492 ingrediuntur
1089 1416 1121 1474 in
1143 1416 1280 1491 stadium,

210 1501 320 1577 quique
342 1518 389 1570 ea,
420 1517 494 1577 quae
518 1498 629 1576 agenda
655 1499 772 1559 suntin
796 1502 863 1558 foro
884 1511 1034 1576 tamquam
1056 1499 1087 1558 in
1108 1500 1185 1573 acie,
1208 1520 1281 1578 pos-

209 1595 280 1646 sunt
310 1584 394 1645 etiam
427 1603 507 1644 nunc
541 1583 745 1644 exercitatione
778 1585 861 1660 quasi
893 1584 1005 1643 ludicra
1036 1585 1220 1662 praediscere
1249 1606 1282 1646 ac

218 1719 420 1728 ..ψη-’.-

277 1821 324 1868 qao
345 1807 449 1866 intuens,
470 1819 489 1854 s.
508 1819 530 1854 z.
549 1804 591 1864 28,
613 1804 673 1854 126:
695 1819 756 1866 qnae
774 1827 808 1836 —
826 1804 878 1850 nisi
894 1806 995 1854 haberet

283 1876 337 1924 tte.
371 1890 420 1922 non
437 1882 475 1935 et,
501 1888 521 1921 s.
540 1888 561 1920 z.
582 1872 701 1931 aelle.
743 1871 793 1918 llas
819 1871 909 1921 zweite
934 1870 1008 1921 Glied
1031 1871 1066 1920 ist
1089 1871 1285 1922 auakoluthiseh

212 1943 275 1992 noch
293 1941 316 1990 in
336 1941 375 1991 die
395 1941 499 1991 [lection
518 1955 565 1987 von
586 1943 693 2003 intelleqo
711 1938 913 2002 hiueiugezogen.

280 2028 325 2061 ena
342 2019 434 2071 sponte:
453 2025 497 2058 aus
515 2007 707 2056 unmittelharcr
725 2006 876 2070 liiugebung,
895 2007 1074 2072 instinctui-lig.

279 2082 421 2142 conlepieee,
447 2077 497 2140 vgl.
516 2078 558 2136 42,
580 2077 641 2126 191:
678 2080 715 2126 cel
733 2079 826 2136 passim
853 2080 905 2127 licet
929 2087 1062 2138 carpentem
1086 2088 1107 2127 et
1130 2080 1285 2141 conlipentcrn

212 2152 320 2211 enedique
344 2149 433 2207 repleri
455 2151 520 2196 inste
544 2148 605 2193 i'ecris
633 2147 710 2194 cicilia
732 2148 845 2206 scientia3
881 2144 966 2209 Quint.
988 2145 1018 2194 V.
1041 2147 1080 2208 10,
1103 2147 1164 2196 119:
1200 2149 1286 2210 Neqae

210 2220 276 2268 enim
299 2218 392 2266 artibae
415 2218 484 2264 ede'tie
495 2217 595 2278 factam
612 2223 646 2263 eet
666 2223 693 2263 nt
715 2224 856 2278 ornamenta
880 2219 1055 2276 inveniremus,
1082 2217 1124 2264 aed
1145 2218 1208 2264 dc'cta
1229 2226 1288 2266 euni

213 2289 307 2346 annm,
333 2293 460 2346 antequam
483 2287 697 2344 praeciperentur,
724 2301 779 2332 moe
804 2301 830 2332 ee
855 2287 983 2344 corinetes
1009 2285 1128 2332 aduncata
1150 2293 1172 2334 et
1190 2288 1287 2336 collecta

212 2357 347 2404 ediderant.

282 2425 393 2484 artichie,
412 2437 432 2470 s.
451 2436 471 2467 z.
492 2421 533 2481 21,
553 2422 593 2472 96.
1151 2431 1153 2436 '

284 2493 349 2548 eicie,
368 2488 407 2537 ein
423 2503 470 2536 von
491 2488 544 2537 dem
555 2487 702 2550 Sohauspiel
716 2487 858 2538 eotlehuter
870 2489 1014 2552 Ausdruck3
1034 2492 1086 2553 vgl.
1106 2486 1147 2541 Ill.
1161 2494 1203 2556 50,
1220 2493 1286 2543 196:

215 2559 298 2614 eatae
328 2560 370 2604 ltoc
386 2573 435 2605 non
452 2561 513 2606 idem
522 2560 556 2620 fit
575 2560 602 2606 in
619 2559 728 2618 necibus,
755 2567 783 2610 nt
800 2576 815 2608 a
832 2562 986 2608 multitudine
1005 2569 1026 2608 et
1039 2563 1129 2620 populo
1149 2577 1199 2608 nen
1217 2564 1286 2611 neoda

213 2636 320 2676 catereae
339 2635 410 2688 atque
427 2636 564 2687 concentus,
587 2628 628 2674 ced
644 2629 715 2675 ettam
735 2628 786 2685 ipsi
801 2629 849 2675 aidi
862 2631 959 2690 ainpuli
974 2631 1133 2689 discrepantes
1150 2632 1286 2690 eicientur,

215 2693 245 2746 ll.
261 2697 302 2754 tt,
319 2696 381 2744 102:
401 2697 443 2743 nbi
455 2699 514 2755 plne
530 2697 590 2744 meli
605 2711 678 2757 paeane
695 2697 753 2743 boni
767 2699 869 2756 reperio,
884 2698 912 2747 id
927 2705 1001 2745 totum
1015 2699 1123 2746 abiudico
1136 2705 1207 2759 atque
1219 2701 1286 2748 eicie.

283 2766 316 2812 ad
334 2779 438 2826 eopneee.
456 2781 505 2812 non
525 2766 604 2825 entia,
631 2763 675 2812 der
692 2761 851 2812 Conciunitiit
876 2779 961 2826 wegeu
986 2762 1028 2813 fiir
1044 2769 1146 2829 coendia
1165 2769 1218 2815 eine
1235 2783 1287 2816 nan

215 2833 347 2880 inliberalis
393 2830 450 2894 Vgl.
468 2831 498 2880 ll.
517 2834 558 2888 tlt,
577 2833 641 2883 200:
668 2835 731 2881 cinit
751 2834 862 2881 miliaci
879 2837 1076 2884 ece'atimaticnem
1098 2837 1203 2896 turpius,
1223 2837 1289 2885 nihil

214 2903 247 2949 ad
261 2903 364 2949 delorem
381 2903 489 2949 (acerbius
504 2904 609 2950 accidere
624 2916 702 2960 posse.

287 2971 342 3020 147.
377 2971 410 3018 Et
433 2986 521 3019 exerc:
557 2967 611 3018 Uud
635 2968 740 3030 ehenso,
770 2968 804 3017 im
824 2968 960 3018 Ansehluss
984 2984 1029 3017 an:
1064 2975 1131 3033 qaod
1153 2981 1233 3021 tamen
1254 2999 1288 3008 -

215 3053 263 3086 nae
284 3053 349 3090 aceio.

283 3108 325 3154 ced
342 3108 388 3166 eie,
418 3106 480 3154 noch
504 3121 552 3154 von
575 3109 727 3166 insaniendo
750 3105 890 3170 ahhiingig,
924 3104 983 3155 weil
1010 3107 1054 3154 der
1081 3107 1288 3168 vorhergehende

216 3171 402 3222 Zwiseheusatz
421 3189 448 3222 so
469 3173 519 3223 viel
538 3173 657 3224 bedentet
676 3173 727 3222 als:
754 3177 791 3223 nel
803 3177 885 3235 potine
906 3192 956 3225 nen
975 3178 1046 3238 nobie,
1065 3179 1109 3239 qai
1128 3179 1176 3224 iam
1190 3179 1291 3236 praece

214 3246 270 3292 estis
296 3245 322 3290 in
349 3259 432 3302 ewen,
467 3257 497 3291 au
528 3241 598 3291 einer
628 3241 728 3291 solchen
758 3241 960 3305 Ungenauiglreit
989 3243 1023 3292 ist
1053 3242 1079 3292 iu
1110 3242 1180 3292 einer
1207 3259 1289 3308 unge-

215 3325 366 3374 zwungenen
388 3308 571 3374 Uuterhaltung
589 3309 646 3359 hein
664 3310 770 3359 Anstoss
787 3327 817 3359 nu
836 3313 947 3360 nahmen.

284 3383 327 3442 qai
343 3381 516 3443 inpedientur
533 3382 560 3428 in
578 3381 692 3443 stadium,
720 3379 742 3427 d.
760 3379 787 3430 h.
808 3378 962 3442 diejenigen,
993 3379 1090 3429 welche
1108 3379 1154 3429 den
1174 3379 1289 3430 Redder-

216 3445 291 3496 herui
315 3446 442 3511 praktisch
470 3447 609 3495 auszuiiheu
641 3445 772 3509 beginneo.
815 3446 861 3496 ltio
886 3447 920 3496 im
943 3447 1085 3511 Folgenden
1114 3445 1289 3512 emplohlenen

216 3513 349 3578 Uehungen
368 3515 423 3564 siud
442 3514 495 3563 also
513 3514 583 3563 nieht
600 3513 719 3577 lediglich
737 3515 775 3564 als
792 3514 961 3579 Voriibungon
986 3517 1030 3565 der
1049 3515 1153 3580 Schule,
1179 3518 1287 3568 sondern

218 3583 254 3631 als
279 3584 364 3633 selcha
391 3584 538 3642 anzusehen,
567 3582 662 3632 welche
690 3584 753 3632 auch
776 3585 839 3632 noch
858 3599 906 3632 von
931 3586 985 3634 dem
1012 3584 1172 3649 angeheudeu
1189 3585 1291 3636 Reduer

217 3648 366 3716 fortgosetzt
386 3651 486 3700 werden
504 3650 598 3712 sollen,
617 3651 694 3700 daher
712 3657 783 3702 eez'cem
798 3668 873 3703 nune.

287 3723 313 3768 in
330 3724 386 3780 acie,
411 3720 461 3782 vgl.
480 3717 509 3768 lt.
528 3719 570 3781 22,
589 3722 634 3770 94:
669 3736 751 3769 eornm
772 3724 865 3780 partim
891 3725 918 3770 in
935 3737 1023 3784 pompa
1047 3721 1100 3782 (der
1123 3719 1288 3786 Pruukredc),

213 3791 306 3846 partim
325 3792 351 3837 in
368 3792 417 3838 acie
434 3791 548 3838 inlustres
564 3805 612 3838 eree
628 3791 772 3849 volnerum
788 3795 864 3838 untan
884 3791 925 3849 34,
946 3791 1001 3841 157.

286 3860 358 3918 qnasi
374 3859 481 3906 ludicra:
513 3855 562 3905 wie
581 3856 606 3904 in
625 3856 670 3905 der
686 3855 860 3920 Fechtselrule,
884 3857 939 3908 dem
956 3861 1028 3908 indue
1044 3860 1215 3922 pladiani-ine,
1237 3859 1288 3924 vgl.

219 3918 248 3968 11.
269 3923 309 3982 20,
329 3926 373 3974 84:
410 3941 438 3976 ae
460 3935 539 3976 tamen
561 3943 603 3975 arr
627 3928 680 3986 ipsa
707 3928 800 3974 ludicra
826 3942 950 3976 annornm
972 3935 994 3977 ct
1016 3929 1148 3992 ananan·
1173 3937 1194 3978 et
1215 3932 1291 3980 militi

212 3991 312 4047 prodeat
328 3994 428 4054 etquid.
