2750 4526
192 292 233 357 88
362 289 406 340 nt:
426 287 589 350 ORATORE,
609 289 653 339 tib.
669 287 700 339 tl.
719 305 773 354 cap.
792 290 832 340 ts.
850 288 927 356 te.§
948 293 1098 346 tet-tes.

195 449 267 508 dum
289 447 380 525 igitur,
400 446 456 505 tuit
481 444 604 505 consilio
633 453 762 504 senatus.
804 444 835 504 Si
857 463 894 503 ex
915 445 1076 520 venabulo,
1103 452 1140 508 'ut
1159 449 1281 510 Carbo:

195 534 225 594 Si
250 531 356 592 consul
377 539 435 602 est,
458 530 509 608 qui
532 529 658 597 consulit
681 529 804 606 pauiae,
827 529 899 606 quid
920 530 999 590 alind
1022 532 1095 592 feeit
1112 533 1279 612 Opimius?

124 618 247 689 lde-Sin
270 616 306 677 ab
326 634 371 688 eo,
393 615 475 694 quod
494 631 559 674 rem
581 613 703 691 attingit,
722 614 823 692 plures
839 621 910 674 sunt
925 625 1173 693 argumentorum
1187 621 1278 680 sedes

196 722 229 763 ae
263 702 330 762 leci.
374 701 450 760 Nam
483 709 512 760 et
544 701 702 759 coniuncta
728 716 904 776 quaeremus
936 712 965 760 et
992 720 1103 779 genera
1131 714 1159 764 et
1182 707 1276 782 pertis

197 787 354 868 generibus
376 785 521 846 subiectas
546 793 575 844 et
596 783 802 844 similitudines
824 792 853 844 et
871 781 1128 848 dissimilitudines
1148 798 1177 848 et
1198 809 1275 850 eon-

197 873 283 934 traria
308 881 337 932 et
365 869 576 948 consequentia
606 879 634 929 et
663 877 861 928 consentanea
883 879 912 928 et
939 874 1024 948 quasi
1056 875 1276 950 praecurrentia

198 967 226 1019 et
253 956 446 1036 repugnantia
468 963 497 1015 et
517 972 619 1014 causas
646 973 748 1014 rernm
778 953 984 1031 vestigabimus
1007 966 1036 1016 et
1062 977 1112 1030 ea,
1141 977 1217 1036 quae
1241 979 1276 1019 er

67 1042 296 1112 40.tbt.eausis
324 1050 387 1101 orta
416 1041 490 1118 sint,
526 1049 555 1099 et
580 1039 707 1111 maiore,
735 1039 832 1118 paria,
859 1040 975 1100 minora
997 1060 1186 1118 quaeremus.
1232 1045 1274 1104 Er

182 1129 365 1188 ‘coniunctis
385 1125 427 1185 sie
449 1133 621 1202 argumenta
642 1124 808 1184 ducuntur:
828 1124 859 1184 Si
874 1125 973 1202 pietati
986 1146 1105 1188 summa
1121 1128 1276 1193 tribuenda

198 1215 262 1274 lans
284 1220 337 1284 est,
359 1210 470 1270 dehetis
492 1209 614 1284 moveri,
637 1228 705 1270 eum
728 1211 764 1282 Q.
786 1209 933 1269 lletellum
955 1219 1015 1270 tam
1037 1212 1086 1289 pie
1107 1213 1206 1291 lugere
1230 1215 1276 1275 vi-

200 1299 300 1359 deatis.
344 1297 389 1356 Ex
417 1313 524 1374 genere
552 1302 665 1354 autem:
701 1295 731 1354 Si
762 1295 946 1373 magistratus
968 1295 999 1354 in
1022 1299 1127 1375 pepuli
1149 1299 1277 1358 Romani

200 1403 265 1444 esse
285 1389 427 1459 potestate
445 1380 560 1452 dehent,
583 1379 652 1457 quid
669 1379 843 1440 Norbanum
859 1397 987 1452 scensas
1010 1382 1096 1442 euius
1110 1382 1276 1443 tribunatus

130 1478 186 1550 108,
202 1467 342 1541 uoluntati
363 1466 461 1544 paruit
482 1462 625 1525 civitatis?
647 1465 690 1524 Ex
710 1472 792 1542 parte
810 1473 908 1525 autem
923 1483 965 1537 ea,
988 1484 1064 1544 quae
1085 1478 1130 1528 est
1146 1468 1276 1528 subiecta

201 1552 317 1632 generi:
347 1551 377 1611 Si
400 1569 513 1627 omnes,
537 1550 588 1628 qui
608 1550 651 1609 rei
673 1549 806 1634 pultlieae
828 1551 996 1622 consulunt,
1018 1552 1080 1612 eari
1102 1553 1186 1613 nohis
1208 1572 1278 1613 esse

202 1637 318 1709 dehent,
344 1645 421 1697 certe
443 1636 578 1714 inprimis
599 1635 801 1712 imperatores,
832 1653 960 1712 querum
987 1637 1131 1708 consiliis,
1161 1638 1278 1710 virtute,

202 1722 339 1801 perieulis
368 1723 529 1782 retinemus
553 1728 582 1781 et
610 1729 741 1780 nostram
763 1719 887 1780 salutem
908 1729 937 1780 et
956 1721 1075 1798 imperii
1097 1723 1278 1801 dignitatem.

202 1809 246 1869 Ex
267 1807 455 1868 similitudine
476 1816 591 1866 antem:
613 1805 644 1864 Si
665 1808 744 1865 ferae
766 1816 866 1882 partus
888 1823 960 1865 sues
982 1805 1116 1884 diligunt,
1139 1826 1195 1885 qua
1217 1826 1277 1868 nes

134 1905 188 1958 169.
202 1895 233 1954 in
254 1893 364 1953 liberos
386 1901 505 1952 nostres
526 1889 707 1968 indulgentia
725 1886 790 1949 esse
812 1888 979 1950 dehemus?
1008 1896 1046 1951 At
1068 1910 1103 1951 ex
1128 1893 1279 1953 dissimili-

203 1979 320 2041 tudine:
355 1978 386 2038 Si
418 1976 614 2038 barbarorum
642 1983 687 2035 est
718 1974 750 2035 in
779 1973 856 2035 diem
880 1976 993 2046 vivere,
1027 1984 1127 2038 nostra
1157 1979 1280 2039 sensilia

204 2097 411 2106 —..-.-—-—-

275 2149 329 2200 100.
359 2150 424 2210 qued
444 2163 495 2196 rem
518 2148 627 2208 utrinqu,
657 2143 697 2192 die
724 2142 804 2192 vierte
829 2141 1071 2208 Unter-llategerie
1098 2146 1144 2196 der
1170 2149 1281 2207 πίστεις

203 2218 335 2284 detexeret,
353 2230 403 2264 ven
422 2215 501 2264 denen
519 2213 614 2263 hereits
632 2211 672 2261 die
690 2215 805 2274 definitio.
820 2217 932 2274 parentio,
951 2216 1042 2263 uotaee'e
1060 2215 1100 2275 (st
1114 2231 1144 2266 ee
1157 2218 1280 2281 eoubuto)

203 2286 296 2336 verher
313 2279 448 2346 angeltihrt
466 2282 529 2343 sind,
551 2281 616 2329 naeh
627 2279 687 2345 Tep.
700 2282 725 2341 9,
743 2283 791 2332 38:
809 2284 829 2328 ἡ
846 2284 920 2342 loeus,
938 2285 984 2345 que'
1000 2293 1091 2332 eeuetae
1108 2301 1137 2334 eu
1153 2289 1186 2335 ee's
1197 2289 1280 2350 rebus,

203 2372 263 2418 quae
279 2355 383 2416 quedem
399 2355 467 2401 mede
487 2351 594 2404 adfectae
613 2359 669 2398 aunt
687 2353 720 2398 ad
738 2351 771 2410 id,
793 2357 822 2398 de
839 2367 886 2413 quo
907 2353 1051 2414 ambiuntur:
1082 2351 1124 2401 die
1143 2351 1281 2416 llategerie

207 2425 249 2471 des
271 2419 498 2481 Znsammenhangs
522 2417 568 2466 mit
589 2418 644 2467 dem
667 2423 848 2466 eentroremen
869 2416 1038 2481 Gegenstnnd.
1074 2418 1110 2470 lm
1134 2420 1279 2484 Felgenden

205 2489 306 2538 werden
325 2487 365 2536 die
383 2484 664 2552 special-Kategerien
687 2485 816 2536 derselben
838 2483 994 2550 aufgezihlt.
1028 2487 1087 2551 Vgl.
1107 2489 1148 2539 die
1169 2489 1281 2540 luhalts-

205 2556 340 2607 iibersieht.

274 2629 415 2675 coniuncte:
443 2623 535 2674 Worte
561 2639 610 2672 ven
635 2622 775 2673 demselben
798 2623 905 2687 Stamm3
933 2627 1030 2686 parete:
1064 2623 1110 2674 der
1139 2625 1280 2676 klassisehe

205 2693 337 2744 Ansdruelt
354 2691 408 2742 fiir:
426 2692 516 2754 Amen,
537 2689 620 2741 westie
636 2695 723 2752 epeu'ee
739 2691 849 2741 seltener
867 2691 1016 2742 verkemmt.

273 2765 446 2828 eeetiqabe‘mue,
469 2760 517 2810 wie
536 2759 579 2811 lll.
592 2763 634 2822 23,
654 2762 699 2813 88:
719 2764 854 2823 quodcum
872 2764 990 2812 deae'eie'oeu
1006 2764 1159 2812 delectatione
1174 2767 1281 2827 ueetipee.

273 2844 327 2905 40.
363 2850 417 2900 167.
453 2846 482 2911 Q.
500 2845 631 2907 Metellus,
651 2845 696 2895 der
714 2845 782 2894 Sehn
801 2846 843 2895 des
862 2845 1020 2908 Numidicus,
1047 2845 1141 2896 erhielt
1156 2847 1202 2895 den
1219 2847 1279 2896 Bei-

205 2931 292 2966 namen
313 2915 380 2978 Pius,
409 2915 468 2965 weil
484 2930 512 2965 er
529 2914 583 2964 sieh
603 2913 644 2963 bei
662 2915 716 2963 dem
734 2912 861 2963 Tribunen
879 2913 970 2964 Furius
988 2912 1117 2977 fussftillig
1135 2913 1177 2965 fiir
1193 2916 1281 2966 seinen

205 2984 238 3032 im
256 2984 278 3039 l.
299 2986 348 3037 100
368 2984 525 3033 verbannten
543 2982 624 3033 Vater
642 2983 809 3032 verwendete.

274 3056 335 3116 quid
356 3055 500 3102 Norbanum
526 3067 633 3112 decusas,
668 3050 690 3100 d.
714 3051 738 3099 h.
766 3051 815 3100 nnd
840 3051 909 3100 nieht
936 3049 1059 3100 vielmeln·
1085 3052 1129 3101 das
1158 3051 1283 3103 rdmiselae

205 3120 273 3172 Velle
289 3119 384 3170 selbstl

274 3192 344 3240 euleu
360 3191 513 3240 tribunatus:
546 3186 590 3235 der
617 3186 641 3234 in
665 3186 757 3235 seinem
775 3187 910 3251 Tutemet,
937 3187 992 3238 eine
1010 3187 1214 3238 Persenilleation
1237 3191 1283 3240 der

205 3259 300 3322 Same,
320 3257 370 3306 wie
388 3272 411 3321 p.
429 3252 493 3304 Mur.
514 3256 554 3317 10,
575 3255 606 3305 37
616 3272 622 3304 :
654 3271 741 3305 muuue
760 3260 947 3321 amplissimum,
971 3261 1037 3320 quod
1049 3260 1135 3318 petitio
1149 3267 1284 3320 praeturae

205 3329 361 3391 desiderabat,
375 3333 495 3386 praetura
513 3326 623 3373 restituit.

277 3397 332 3448 168.
363 3409 467 3458 querum
482 3395 780 3443 consitiis-retinemus:
802 3393 877 3444 deren
887 3393 1074 3457 Rethsehl'a'geu
1087 3421 1121 3430 —
1136 3395 1184 3443 wir
1203 3409 1231 3443 es
1251 3412 1283 3446 zu

205 3463 349 3516 verdanken
375 3462 472 3523 haben,
498 3462 554 3511 dass
580 3459 627 3509 wir
651 3462 713 3511 nneh
736 3461 856 3513 besitzen.
892 3463 981 3512 Dieser
1000 3462 1056 3511 Abl.
1076 3463 1120 3512 des
1142 3461 1281 3514 saetisehen

206 3533 319 3583 Grandes
342 3533 408 3581 kann
432 3531 496 3580 aneh
523 3529 600 3578 durch
624 3533 733 3593 beuefiee'o
754 3530 799 3579 mit:
817 3531 896 3580 einem
915 3529 985 3593 Gen,
1013 3530 1092 3580 selbst
1113 3531 1181 3581 eines
1198 3530 1281 3582 Sueli-

207 3617 315 3665 nnmens,
336 3599 508 3650 umsehriehen
525 3599 640 3664 werden3
659 3599 709 3662 vgl.
728 3600 759 3648 ad
780 3599 825 3664 Qu.
845 3598 876 3649 lr.
895 3599 912 3648 l.
934 3603 955 3662 l,
978 3602 999 3659 1,
1018 3601 1033 3662 ἓ
1052 3602 1081 3650 6:
1100 3604 1181 3651 uestri
1195 3617 1283 3652 eonsu-

206 3675 268 3721 latue
285 3672 395 3732 bonefisio
415 3685 439 3720 ae
459 3671 586 3718 incolumia
596 3669 716 3730 furtu-nee
733 3670 818 3718 babere
834 3671 1023 3719 arbitrabantur.

274 3755 325 3801 que
347 3755 391 3787 uua
408 3765 449 3787 -.
490 3736 564 3786 Diese
590 3736 747 3786 rhetorisehe
772 3735 845 3785 llnrm
870 3737 913 3786 des
938 3736 1092 3786 Naehsatzes
1123 3737 1199 3787 findet
1224 3738 1281 3787 sie-li

207 3806 341 3854 besonders
367 3807 430 3855 naeh
455 3804 657 3866 condicionalen,
675 3805 736 3854 aher
755 3806 818 3854 anch
837 3806 900 3854 nnch
920 3805 1037 3854 eansalen
1055 3805 1105 3853 und
1124 3808 1280 3870 tempernlen

209 3871 407 3934 Venders‘atzem
427 3874 695 3937 vgl.unten§170u.
712 3872 784 3923 Tuse.
800 3873 862 3937 disp.
876 3873 905 3924 V.
924 3876 943 3935 l,
960 3875 989 3935 23
1011 3872 1028 3924 l.
1041 3875 1081 3934 23,
1099 3879 1141 3926 5t.
1165 3874 1282 3924 Seltenet·

208 3941 288 4002 gehen
307 3942 450 3992 concessive
464 3942 632 3994 Venders'titze
654 3957 740 4005 voran,
758 3941 807 3991 wie
824 3942 886 3991 eben
903 3944 943 4004 11,
963 3945 1009 3994 45:
1028 3953 1054 3992 ut
1071 3959 1138 3992 uemo
1156 3943 1248 3995 trudat.
