<?xml version="1.0" encoding="UTF-8"?>
<!DOCTYPE html PUBLIC "-//W3C//DTD XHTML 1.0 Transitional//EN"
    "http://www.w3.org/TR/xhtml1/DTD/xhtml1-transitional.dtd">
<html xmlns="http://www.w3.org/1999/xhtml" xml:lang="en" lang="en">
 <head>
  <title>
</title>
<meta http-equiv="Content-Type" content="text/html;charset=utf-8" />
  <meta name='ocr-system' content='tesseract 3.04.00' />
  <meta name='ocr-capabilities' content='ocr_page ocr_carea ocr_par ocr_line ocrx_word'/>
</head>
<body>
  <div class='ocr_page' id='page_1' title='image "./mtulliiciceroni79cicegoog/mtulliiciceroni79cicegoog_0458.png"; bbox 0 0 2756 4520; ppageno 0'>
   <div class='ocr_carea' id='block_1_1' title="bbox 268 285 1232 396">
    <p class='ocr_par' dir='ltr' id='par_1_1' title="bbox 268 285 1232 396">
     <span class='ocr_line' id='line_1_1' title="bbox 268 285 1232 396; baseline -0.009 -15"><span class='ocrx_word' id='word_1_1' title='bbox 268 329 689 396; x_wconf 64' lang='lat' dir='ltr'><strong>nnonrroaumnrncap.</strong></span> <span class='ocrx_word' id='word_1_2' title='bbox 712 333 779 383; x_wconf 83' lang='lat' dir='ltr'><strong>so.</strong></span> <span class='ocrx_word' id='word_1_3' title='bbox 801 329 817 395; x_wconf 67' lang='lat' dir='ltr'><strong>n</strong></span> <span class='ocrx_word' id='word_1_4' title='bbox 838 285 938 384; x_wconf 74' lang='lat' dir='ltr'><strong>ausa</strong></span> <span class='ocrx_word' id='word_1_5' title='bbox 1017 307 1018 312; x_wconf 72' lang='grc'>’</span> <span class='ocrx_word' id='word_1_6' title='bbox 1106 305 1154 394; x_wconf 78' lang='lat'><strong>27&#39;</strong></span> <span class='ocrx_word' id='word_1_7' title='bbox 1230 365 1232 372; x_wconf 91' lang='lat'><em>.</em></span> 
     </span>
    </p>
   </div>
   <div class='ocr_carea' id='block_1_2' title="bbox 72 486 1317 1762">
    <p class='ocr_par' dir='ltr' id='par_1_2' title="bbox 75 486 1176 566">
     <span class='ocr_line' id='line_1_2' title="bbox 75 486 1176 566; baseline -0.001 -17"><span class='ocrx_word' id='word_1_8' title='bbox 75 487 265 566; x_wconf 84' lang='lat' dir='ltr'><strong>probandum</strong></span> <span class='ocrx_word' id='word_1_9' title='bbox 280 486 317 548; x_wconf 91' lang='lat' dir='ltr'><strong>sit</strong></span> <span class='ocrx_word' id='word_1_10' title='bbox 332 505 400 547; x_wconf 86' lang='lat' dir='ltr'><strong>oum</strong></span> <span class='ocrx_word' id='word_1_11' title='bbox 416 486 583 548; x_wconf 86' lang='lat' dir='ltr'><strong>acutissime</strong></span> <span class='ocrx_word' id='word_1_12' title='bbox 599 486 686 559; x_wconf 87' lang='lat' dir='ltr'><strong>vidit,</strong></span> <span class='ocrx_word' id='word_1_13' title='bbox 708 486 824 546; x_wconf 90' lang='lat' dir='ltr'><strong>omissis</strong></span> <span class='ocrx_word' id='word_1_14' title='bbox 848 487 951 548; x_wconf 81' lang='lat' dir='ltr'><strong>ueteris</strong></span> <span class='ocrx_word' id='word_1_15' title='bbox 967 487 1147 566; x_wconf 81' lang='lat' dir='ltr'>argumentis</span> <span class='ocrx_word' id='word_1_16' title='bbox 1174 531 1176 536; x_wconf 87' lang='lat'>-</span> 
     </span>
    </p>

    <p class='ocr_par' dir='ltr' id='par_1_3' title="bbox 72 571 1317 1420">
     <span class='ocr_line' id='line_1_3' title="bbox 72 571 1146 651; baseline 0 -17"><span class='ocrx_word' id='word_1_17' title='bbox 72 576 102 634; x_wconf 88' lang='lat' dir='ltr'><strong>in</strong></span> <span class='ocrx_word' id='word_1_18' title='bbox 119 593 155 634; x_wconf 90' lang='lat' dir='ltr'><strong>eo</strong></span> <span class='ocrx_word' id='word_1_19' title='bbox 174 582 303 634; x_wconf 80' lang='lat' dir='ltr'><strong>mentem</strong></span> <span class='ocrx_word' id='word_1_20' title='bbox 319 572 540 649; x_wconf 80' lang='lat' dir='ltr'><strong>orationemque</strong></span> <span class='ocrx_word' id='word_1_21' title='bbox 557 572 663 651; x_wconf 83' lang='lat' dir='ltr'><strong>defigit</strong></span> <span class='ocrx_word' id='word_1_22' title='bbox 708 571 853 649; x_wconf 75' lang='lat' dir='ltr'>Sulpicius</span> <span class='ocrx_word' id='word_1_23' title='bbox 876 581 971 634; x_wconf 92' lang='lat' dir='ltr'><strong>autem</strong></span> <span class='ocrx_word' id='word_1_24' title='bbox 985 572 1146 634; x_wconf 83' lang='lat' dir='ltr'><strong>fortissimo</strong></span> 
     </span>
     <span class='ocr_line' id='line_1_4' title="bbox 74 656 1146 738; baseline -0.002 -18"><span class='ocrx_word' id='word_1_25' title='bbox 74 660 207 738; x_wconf 87' lang='lat' dir='ltr'><strong>quodam</strong></span> <span class='ocrx_word' id='word_1_26' title='bbox 223 658 314 722; x_wconf 91' lang='lat' dir='ltr'><strong>animi</strong></span> <span class='ocrx_word' id='word_1_27' title='bbox 325 658 447 735; x_wconf 87' lang='lat' dir='ltr'><strong>impetu,</strong></span> <span class='ocrx_word' id='word_1_28' title='bbox 470 657 638 737; x_wconf 91' lang='lat' dir='ltr'><strong>plenissima</strong></span> <span class='ocrx_word' id='word_1_29' title='bbox 654 666 682 718; x_wconf 91' lang='lat' dir='ltr'><strong>et</strong></span> <span class='ocrx_word' id='word_1_30' title='bbox 697 656 824 718; x_wconf 89' lang='lat' dir='ltr'><strong>maxima</strong></span> <span class='ocrx_word' id='word_1_31' title='bbox 837 675 919 730; x_wconf 80' lang='lat' dir='ltr'><strong>voce,</strong></span> <span class='ocrx_word' id='word_1_32' title='bbox 941 670 1055 718; x_wconf 91' lang='lat' dir='ltr'><strong>summa</strong></span> <span class='ocrx_word' id='word_1_33' title='bbox 1072 677 1146 718; x_wconf 89' lang='lat' dir='ltr'><strong>con-</strong></span> 
     </span>
     <span class='ocr_line' id='line_1_5' title="bbox 74 742 1147 822; baseline -0.001 -17"><span class='ocrx_word' id='word_1_34' title='bbox 74 745 208 805; x_wconf 75' lang='lat' dir='ltr'><strong>tentione</strong></span> <span class='ocrx_word' id='word_1_35' title='bbox 224 744 357 821; x_wconf 84' lang='lat' dir='ltr'><strong>corporis</strong></span> <span class='ocrx_word' id='word_1_36' title='bbox 373 752 401 803; x_wconf 87' lang='lat' dir='ltr'><strong>et</strong></span> <span class='ocrx_word' id='word_1_37' title='bbox 416 743 553 820; x_wconf 84' lang='lat' dir='ltr'><strong>dignitate</strong></span> <span class='ocrx_word' id='word_1_38' title='bbox 568 752 676 814; x_wconf 87' lang='lat' dir='ltr'><strong>motus,</strong></span> <span class='ocrx_word' id='word_1_39' title='bbox 700 742 859 803; x_wconf 88' lang='lat' dir='ltr'><strong>verborum</strong></span> <span class='ocrx_word' id='word_1_40' title='bbox 883 761 1002 822; x_wconf 88' lang='lat' dir='ltr'><strong>quoque</strong></span> <span class='ocrx_word' id='word_1_41' title='bbox 1026 762 1058 804; x_wconf 91' lang='lat' dir='ltr'><strong>ea</strong></span> <span class='ocrx_word' id='word_1_42' title='bbox 1081 762 1147 822; x_wconf 84' lang='lat' dir='ltr'><strong>gra-</strong></span> 
     </span>
     <span class='ocr_line' id='line_1_6' title="bbox 73 826 1317 908; baseline -0.001 -19"><span class='ocrx_word' id='word_1_43' title='bbox 73 831 160 892; x_wconf 81' lang='lat' dir='ltr'><strong>uitate</strong></span> <span class='ocrx_word' id='word_1_44' title='bbox 180 838 209 890; x_wconf 89' lang='lat' dir='ltr'><strong>et</strong></span> <span class='ocrx_word' id='word_1_45' title='bbox 220 829 302 907; x_wconf 87' lang='lat' dir='ltr'><strong>eopia</strong></span> <span class='ocrx_word' id='word_1_46' title='bbox 318 836 369 898; x_wconf 78' lang='lat' dir='ltr'><strong>est,</strong></span> <span class='ocrx_word' id='word_1_47' title='bbox 392 837 425 889; x_wconf 93' lang='lat' dir='ltr'><strong>ut</strong></span> <span class='ocrx_word' id='word_1_48' title='bbox 436 846 514 888; x_wconf 91' lang='lat' dir='ltr'><strong>uuus</strong></span> <span class='ocrx_word' id='word_1_49' title='bbox 525 826 561 888; x_wconf 89' lang='lat' dir='ltr'><strong>ad</strong></span> <span class='ocrx_word' id='word_1_50' title='bbox 578 829 736 888; x_wconf 81' lang='lat' dir='ltr'><strong>dicendum</strong></span> <span class='ocrx_word' id='word_1_51' title='bbox 752 828 997 890; x_wconf 85' lang='lat' dir='ltr'><strong>instructissimus</strong></span> <span class='ocrx_word' id='word_1_52' title='bbox 1012 847 1028 888; x_wconf 88' lang='lat' dir='ltr'><strong>a</strong></span> <span class='ocrx_word' id='word_1_53' title='bbox 1044 838 1147 889; x_wconf 90' lang='lat' dir='ltr'><strong>natura</strong></span> <span class='ocrx_word' id='word_1_54' title='bbox 1314 885 1317 908; x_wconf 59' lang='grc'>,</span> 
     </span>
     <span class='ocr_line' id='line_1_7' title="bbox 76 913 1246 993; baseline -0.001 -18"><span class='ocrx_word' id='word_1_55' title='bbox 76 935 139 976; x_wconf 90' lang='lat' dir='ltr'><strong>esse</strong></span> <span class='ocrx_word' id='word_1_56' title='bbox 155 915 298 975; x_wconf 86' lang='lat' dir='ltr'><strong>videatur.</strong></span> <span class='ocrx_word' id='word_1_57' title='bbox 324 913 367 974; x_wconf 81' lang='lat' dir='ltr'><strong>Ad</strong></span> <span class='ocrx_word' id='word_1_58' title='bbox 377 921 495 974; x_wconf 88' lang='lat' dir='ltr'><strong>nosmet</strong></span> <span class='ocrx_word' id='word_1_59' title='bbox 508 913 589 992; x_wconf 88' lang='lat' dir='ltr'><strong>ipsos</strong></span> <span class='ocrx_word' id='word_1_60' title='bbox 604 913 661 974; x_wconf 92' lang='lat' dir='ltr'><strong>iam</strong></span> <span class='ocrx_word' id='word_1_61' title='bbox 670 923 811 985; x_wconf 87' lang='lat' dir='ltr'><strong>revertor,</strong></span> <span class='ocrx_word' id='word_1_62' title='bbox 827 914 966 993; x_wconf 87' lang='lat' dir='ltr'><strong>quoniam</strong></span> <span class='ocrx_word' id='word_1_63' title='bbox 983 914 1147 976; x_wconf 87' lang='lat' dir='ltr'><strong>siosuimus</strong></span> <span class='ocrx_word' id='word_1_64' title='bbox 1164 926 1193 987; x_wconf 86' lang='grc'><strong>9,</strong></span> <span class='ocrx_word' id='word_1_65' title='bbox 1205 923 1246 982; x_wconf 81' lang='lat'><strong>32.</strong></span> 
     </span>
     <span class='ocr_line' id='line_1_8' title="bbox 75 995 1147 1080; baseline 0 -20"><span class='ocrx_word' id='word_1_66' title='bbox 75 1019 195 1080; x_wconf 84' lang='lat' dir='ltr'><strong>semper</strong></span> <span class='ocrx_word' id='word_1_67' title='bbox 211 999 379 1078; x_wconf 87' lang='lat' dir='ltr'><strong>comparati,</strong></span> <span class='ocrx_word' id='word_1_68' title='bbox 397 1008 431 1060; x_wconf 91' lang='lat' dir='ltr'><strong>ut</strong></span> <span class='ocrx_word' id='word_1_69' title='bbox 445 999 601 1060; x_wconf 90' lang='lat' dir='ltr'><strong>hominum</strong></span> <span class='ocrx_word' id='word_1_70' title='bbox 612 998 800 1060; x_wconf 86' lang='lat' dir='ltr'><strong>sermonibus</strong></span> <span class='ocrx_word' id='word_1_71' title='bbox 816 995 900 1077; x_wconf 85' lang='lat' dir='ltr'><strong>quasi</strong></span> <span class='ocrx_word' id='word_1_72' title='bbox 908 999 938 1059; x_wconf 91' lang='lat' dir='ltr'><strong>in</strong></span> <span class='ocrx_word' id='word_1_73' title='bbox 947 999 1063 1078; x_wconf 87' lang='lat' dir='ltr'><strong>aliquod</strong></span> <span class='ocrx_word' id='word_1_74' title='bbox 1072 1017 1147 1060; x_wconf 89' lang='lat' dir='ltr'><strong>eon-</strong></span> 
     </span>
     <span class='ocr_line' id='line_1_9' title="bbox 74 1083 1146 1164; baseline -0.002 -18"><span class='ocrx_word' id='word_1_75' title='bbox 74 1085 215 1147; x_wconf 89' lang='lat' dir='ltr'><strong>tentionis</strong></span> <span class='ocrx_word' id='word_1_76' title='bbox 229 1084 371 1146; x_wconf 87' lang='lat' dir='ltr'><strong>iudicium</strong></span> <span class='ocrx_word' id='word_1_77' title='bbox 387 1102 578 1145; x_wconf 82' lang='lat' dir='ltr'><strong>vocaremur:</strong></span> <span class='ocrx_word' id='word_1_78' title='bbox 608 1083 678 1162; x_wconf 89' lang='lat' dir='ltr'><strong>quid</strong></span> <span class='ocrx_word' id='word_1_79' title='bbox 693 1093 751 1144; x_wconf 89' lang='lat' dir='ltr'><strong>tam</strong></span> <span class='ocrx_word' id='word_1_80' title='bbox 766 1085 905 1146; x_wconf 85' lang='lat' dir='ltr'><strong>dissimile</strong></span> <span class='ocrx_word' id='word_1_81' title='bbox 929 1103 1017 1162; x_wconf 89' lang='lat' dir='ltr'><strong>quam</strong></span> <span class='ocrx_word' id='word_1_82' title='bbox 1040 1104 1092 1164; x_wconf 83' lang='lat' dir='ltr'><strong>ego</strong></span> <span class='ocrx_word' id='word_1_83' title='bbox 1115 1085 1146 1146; x_wconf 92' lang='lat' dir='ltr'><strong>iu</strong></span> 
     </span>
     <span class='ocr_line' id='line_1_10' title="bbox 75 1165 1147 1249; baseline -0.001 -18"><span class='ocrx_word' id='word_1_84' title='bbox 75 1171 202 1232; x_wconf 80' lang='lat' dir='ltr'><strong>dicendo</strong></span> <span class='ocrx_word' id='word_1_85' title='bbox 221 1180 249 1231; x_wconf 87' lang='lat' dir='ltr'><strong>et</strong></span> <span class='ocrx_word' id='word_1_86' title='bbox 260 1165 432 1236; x_wconf 76' lang='lat' dir='ltr'><strong>Antonius?</strong></span> <span class='ocrx_word' id='word_1_87' title='bbox 447 1169 572 1230; x_wconf 81' lang='lat' dir='ltr'><strong>rumille</strong></span> <span class='ocrx_word' id='word_1_88' title='bbox 586 1169 612 1230; x_wconf 92' lang='lat' dir='ltr'><strong>is</strong></span> <span class='ocrx_word' id='word_1_89' title='bbox 626 1169 662 1230; x_wconf 89' lang='lat' dir='ltr'><strong>sit</strong></span> <span class='ocrx_word' id='word_1_90' title='bbox 678 1179 785 1249; x_wconf 86' lang='lat' dir='ltr'><strong>orator,</strong></span> <span class='ocrx_word' id='word_1_91' title='bbox 800 1179 832 1230; x_wconf 91' lang='lat' dir='ltr'><strong>ut</strong></span> <span class='ocrx_word' id='word_1_92' title='bbox 844 1169 916 1230; x_wconf 91' lang='lat' dir='ltr'><strong>nihil</strong></span> <span class='ocrx_word' id='word_1_93' title='bbox 930 1189 965 1230; x_wconf 93' lang='lat' dir='ltr'><strong>eo</strong></span> <span class='ocrx_word' id='word_1_94' title='bbox 976 1171 1069 1249; x_wconf 84' lang='lat' dir='ltr'><strong>possit</strong></span> <span class='ocrx_word' id='word_1_95' title='bbox 1083 1189 1147 1231; x_wconf 86' lang='lat' dir='ltr'><strong>esse</strong></span> 
     </span>
     <span class='ocr_line' id='line_1_11' title="bbox 76 1255 1148 1336; baseline -0.003 -18"><span class='ocrx_word' id='word_1_96' title='bbox 76 1257 283 1336; x_wconf 81' lang='lat' dir='ltr'><strong>praestantius,</strong></span> <span class='ocrx_word' id='word_1_97' title='bbox 301 1273 354 1334; x_wconf 81' lang='lat' dir='ltr'><strong>ego</strong></span> <span class='ocrx_word' id='word_1_98' title='bbox 363 1265 469 1327; x_wconf 91' lang='lat' dir='ltr'><strong>autem,</strong></span> <span class='ocrx_word' id='word_1_99' title='bbox 485 1271 665 1333; x_wconf 88' lang='lat' dir='ltr'><strong>quamquam</strong></span> <span class='ocrx_word' id='word_1_100' title='bbox 675 1256 848 1316; x_wconf 90' lang='lat' dir='ltr'><strong>memetmei</strong></span> <span class='ocrx_word' id='word_1_101' title='bbox 856 1256 994 1334; x_wconf 89' lang='lat' dir='ltr'><strong>poenitet,</strong></span> <span class='ocrx_word' id='word_1_102' title='bbox 1011 1273 1077 1316; x_wconf 86' lang='lat' dir='ltr'><strong>eum</strong></span> <span class='ocrx_word' id='word_1_103' title='bbox 1091 1255 1148 1315; x_wconf 90' lang='lat' dir='ltr'><strong>hoo</strong></span> 
     </span>
     <span class='ocr_line' id='line_1_12' title="bbox 77 1340 1148 1420; baseline -0.003 -17"><span class='ocrx_word' id='word_1_104' title='bbox 77 1342 205 1403; x_wconf 83' lang='lat' dir='ltr'><strong>maxime</strong></span> <span class='ocrx_word' id='word_1_105' title='bbox 222 1349 320 1402; x_wconf 84' lang='lat' dir='ltr'><strong>tamen</strong></span> <span class='ocrx_word' id='word_1_106' title='bbox 337 1340 367 1399; x_wconf 89' lang='lat' dir='ltr'><strong>in</strong></span> <span class='ocrx_word' id='word_1_107' title='bbox 384 1341 602 1419; x_wconf 84' lang='lat' dir='ltr'><strong>comparatione</strong></span> <span class='ocrx_word' id='word_1_108' title='bbox 619 1341 789 1418; x_wconf 84' lang='lat' dir='ltr'><strong>coniungar.</strong></span> <span class='ocrx_word' id='word_1_109' title='bbox 814 1341 971 1412; x_wconf 80' lang='lat' dir='ltr'><strong>Videtisne,</strong></span> <span class='ocrx_word' id='word_1_110' title='bbox 987 1360 1080 1420; x_wconf 83' lang='lat' dir='ltr'><strong>genus</strong></span> <span class='ocrx_word' id='word_1_111' title='bbox 1091 1341 1148 1400; x_wconf 88' lang='lat' dir='ltr'><strong>hoe</strong></span> 
     </span>
    </p>

    <p class='ocr_par' dir='ltr' id='par_1_4' title="bbox 76 1422 1149 1762">
     <span class='ocr_line' id='line_1_13' title="bbox 76 1422 1148 1506; baseline -0.002 -18"><span class='ocrx_word' id='word_1_112' title='bbox 76 1427 154 1506; x_wconf 89' lang='lat' dir='ltr'><strong>quod</strong></span> <span class='ocrx_word' id='word_1_113' title='bbox 173 1427 213 1488; x_wconf 91' lang='lat' dir='ltr'><strong>sit</strong></span> <span class='ocrx_word' id='word_1_114' title='bbox 228 1422 372 1486; x_wconf 72' lang='lat' dir='ltr'><strong>Antonii?</strong></span> <span class='ocrx_word' id='word_1_115' title='bbox 387 1429 472 1500; x_wconf 86' lang='lat' dir='ltr'><strong>torte,</strong></span> <span class='ocrx_word' id='word_1_116' title='bbox 489 1426 656 1498; x_wconf 88' lang='lat' dir='ltr'><strong>vehemens,</strong></span> <span class='ocrx_word' id='word_1_117' title='bbox 677 1436 859 1486; x_wconf 85' lang='lat' dir='ltr'><strong>commotum</strong></span> <span class='ocrx_word' id='word_1_118' title='bbox 876 1428 906 1486; x_wconf 91' lang='lat' dir='ltr'><strong>in</strong></span> <span class='ocrx_word' id='word_1_119' title='bbox 924 1427 1045 1505; x_wconf 83' lang='lat' dir='ltr'><strong>agendo,</strong></span> <span class='ocrx_word' id='word_1_120' title='bbox 1061 1445 1148 1505; x_wconf 86' lang='lat' dir='ltr'><strong>prae-</strong></span> 
     </span>
     <span class='ocr_line' id='line_1_14' title="bbox 77 1512 1148 1592; baseline -0.001 -20"><span class='ocrx_word' id='word_1_121' title='bbox 77 1514 225 1573; x_wconf 88' lang='lat' dir='ltr'><strong>munitum</strong></span> <span class='ocrx_word' id='word_1_122' title='bbox 243 1521 270 1572; x_wconf 91' lang='lat' dir='ltr'><strong>et</strong></span> <span class='ocrx_word' id='word_1_123' title='bbox 286 1529 321 1570; x_wconf 84' lang='lat' dir='ltr'><strong>ex</strong></span> <span class='ocrx_word' id='word_1_124' title='bbox 340 1512 421 1571; x_wconf 91' lang='lat' dir='ltr'><strong>omni</strong></span> <span class='ocrx_word' id='word_1_125' title='bbox 444 1519 526 1590; x_wconf 88' lang='lat' dir='ltr'><strong>parte</strong></span> <span class='ocrx_word' id='word_1_126' title='bbox 541 1529 644 1572; x_wconf 88' lang='lat' dir='ltr'><strong>causae</strong></span> <span class='ocrx_word' id='word_1_127' title='bbox 659 1519 800 1589; x_wconf 89' lang='lat' dir='ltr'><strong>saeptum,</strong></span> <span class='ocrx_word' id='word_1_128' title='bbox 824 1530 898 1585; x_wconf 89' lang='lat' dir='ltr'><strong>aere,</strong></span> <span class='ocrx_word' id='word_1_129' title='bbox 921 1521 1051 1592; x_wconf 82' lang='lat' dir='ltr'><strong>acutum,</strong></span> <span class='ocrx_word' id='word_1_130' title='bbox 1072 1530 1148 1572; x_wconf 90' lang='lat' dir='ltr'><strong>enu-</strong></span> 
     </span>
     <span class='ocr_line' id='line_1_15' title="bbox 76 1597 1149 1674; baseline 0 -17"><span class='ocrx_word' id='word_1_131' title='bbox 76 1599 212 1670; x_wconf 87' lang='lat' dir='ltr'><strong>cleatum,</strong></span> <span class='ocrx_word' id='word_1_132' title='bbox 235 1597 265 1657; x_wconf 90' lang='lat' dir='ltr'><strong>in</strong></span> <span class='ocrx_word' id='word_1_133' title='bbox 285 1613 343 1656; x_wconf 89' lang='lat' dir='ltr'><strong>una</strong></span> <span class='ocrx_word' id='word_1_134' title='bbox 360 1614 523 1674; x_wconf 86' lang='lat' dir='ltr'><strong>quoquere</strong></span> <span class='ocrx_word' id='word_1_135' title='bbox 547 1614 744 1667; x_wconf 90' lang='lat' dir='ltr'><strong>commorans,</strong></span> <span class='ocrx_word' id='word_1_136' title='bbox 765 1597 889 1658; x_wconf 89' lang='lat' dir='ltr'><strong>honeste</strong></span> <span class='ocrx_word' id='word_1_137' title='bbox 906 1597 1022 1669; x_wconf 80' lang='lat' dir='ltr'><strong>cedens,</strong></span> <span class='ocrx_word' id='word_1_138' title='bbox 1046 1597 1149 1657; x_wconf 88' lang='lat' dir='ltr'><strong>aeriter</strong></span> 
     </span>
     <span class='ocr_line' id='line_1_16' title="bbox 76 1681 1148 1762; baseline 0.001 -20"><span class='ocrx_word' id='word_1_139' title='bbox 76 1684 255 1762; x_wconf 84' lang='lat' dir='ltr'><strong>insequens,</strong></span> <span class='ocrx_word' id='word_1_140' title='bbox 272 1691 403 1754; x_wconf 87' lang='lat' dir='ltr'><strong>terrens,</strong></span> <span class='ocrx_word' id='word_1_141' title='bbox 420 1681 604 1761; x_wconf 82' lang='lat' dir='ltr'><strong>supplicans,</strong></span> <span class='ocrx_word' id='word_1_142' title='bbox 620 1700 735 1742; x_wconf 91' lang='lat' dir='ltr'><strong>summa</strong></span> <span class='ocrx_word' id='word_1_143' title='bbox 751 1683 891 1742; x_wconf 89' lang='lat' dir='ltr'><strong>orationis</strong></span> <span class='ocrx_word' id='word_1_144' title='bbox 905 1683 1055 1762; x_wconf 84' lang='lat' dir='ltr'><strong>varietate,</strong></span> <span class='ocrx_word' id='word_1_145' title='bbox 1069 1683 1148 1743; x_wconf 90' lang='lat' dir='ltr'><strong>nulla</strong></span> 
     </span>
    </p>
   </div>
   <div class='ocr_carea' id='block_1_3' title="bbox 76 1899 1214 4030">
    <p class='ocr_par' dir='ltr' id='par_1_5' title="bbox 76 1899 1149 2034">
     <span class='ocr_line' id='line_1_17' title="bbox 158 1899 1149 1966; baseline -0.003 -13"><span class='ocrx_word' id='word_1_146' title='bbox 158 1919 234 1964; x_wconf 82' lang='lat' dir='ltr'><strong>unus,</strong></span> <span class='ocrx_word' id='word_1_147' title='bbox 257 1900 426 1966; x_wconf 84' lang='lat' dir='ltr'><strong>pleonastiseh</strong></span> <span class='ocrx_word' id='word_1_148' title='bbox 443 1900 485 1950; x_wconf 86' lang='lat' dir='ltr'><strong>bei</strong></span> <span class='ocrx_word' id='word_1_149' title='bbox 504 1901 557 1950; x_wconf 85' lang='lat' dir='ltr'><strong>dem</strong></span> <span class='ocrx_word' id='word_1_150' title='bbox 576 1900 683 1966; x_wconf 74' lang='lat' dir='ltr'><strong>Superi,</strong></span> <span class='ocrx_word' id='word_1_151' title='bbox 701 1901 750 1950; x_wconf 58' lang='lat' dir='ltr'><strong>uria</strong></span> <span class='ocrx_word' id='word_1_152' title='bbox 768 1899 786 1952; x_wconf 90' lang='grc' dir='ltr'><strong>Ι.</strong></span> <span class='ocrx_word' id='word_1_153' title='bbox 803 1903 844 1960; x_wconf 86' lang='grc'><strong>22,</strong></span> <span class='ocrx_word' id='word_1_154' title='bbox 858 1902 903 1954; x_wconf 86' lang='lat'><strong>99:</strong></span> <span class='ocrx_word' id='word_1_155' title='bbox 925 1919 978 1952; x_wconf 83' lang='lat' dir='ltr'><strong>aum</strong></span> <span class='ocrx_word' id='word_1_156' title='bbox 990 1911 1011 1952; x_wconf 83' lang='lat' dir='ltr'><strong>ta</strong></span> <span class='ocrx_word' id='word_1_157' title='bbox 1029 1917 1105 1953; x_wconf 87' lang='lat' dir='ltr'><strong>unum</strong></span> <span class='ocrx_word' id='word_1_158' title='bbox 1119 1919 1149 1951; x_wconf 81' lang='lat' dir='ltr'><strong>ea</strong></span> 
     </span>
     <span class='ocr_line' id='line_1_18' title="bbox 76 1973 901 2034; baseline -0.002 -13"><span class='ocrx_word' id='word_1_159' title='bbox 76 1975 183 2023; x_wconf 78' lang='lat' dir='ltr'><strong>omnibus</strong></span> <span class='ocrx_word' id='word_1_160' title='bbox 201 1975 235 2021; x_wconf 77' lang='lat' dir='ltr'><strong>ad</strong></span> <span class='ocrx_word' id='word_1_161' title='bbox 253 1973 377 2021; x_wconf 75' lang='lat' dir='ltr'><strong>dicendum</strong></span> <span class='ocrx_word' id='word_1_162' title='bbox 394 1975 496 2020; x_wconf 74' lang='lat' dir='ltr'><strong>munim</strong></span> <span class='ocrx_word' id='word_1_163' title='bbox 512 1979 595 2020; x_wconf 85' lang='lat' dir='ltr'><strong>natum</strong></span> <span class='ocrx_word' id='word_1_164' title='bbox 613 1979 742 2034; x_wconf 76' lang='lat' dir='ltr'><strong>aptumque</strong></span> <span class='ocrx_word' id='word_1_165' title='bbox 761 1986 901 2034; x_wconf 78' lang='lat' dir='ltr'><strong>aopnoosern.</strong></span> 
     </span>
    </p>

    <p class='ocr_par' dir='ltr' id='par_1_6' title="bbox 77 2037 1147 2170">
     <span class='ocr_line' id='line_1_19' title="bbox 162 2037 1147 2103; baseline -0.003 -12"><span class='ocrx_word' id='word_1_166' title='bbox 162 2037 193 2096; x_wconf 83' lang='grc'><strong>9.</strong></span> <span class='ocrx_word' id='word_1_167' title='bbox 215 2041 257 2091; x_wconf 82' lang='grc'><strong>32.</strong></span> <span class='ocrx_word' id='word_1_168' title='bbox 282 2043 414 2101; x_wconf 74' lang='lat' dir='ltr'><strong>comparati</strong></span> <span class='ocrx_word' id='word_1_169' title='bbox 430 2040 474 2088; x_wconf 86' lang='lat' dir='ltr'><strong>hat</strong></span> <span class='ocrx_word' id='word_1_170' title='bbox 498 2037 553 2088; x_wconf 89' lang='lat' dir='ltr'><strong>hier</strong></span> <span class='ocrx_word' id='word_1_171' title='bbox 571 2037 752 2101; x_wconf 82' lang='lat' dir='ltr'><strong>adjectiviseho</strong></span> <span class='ocrx_word' id='word_1_172' title='bbox 779 2039 941 2102; x_wconf 64' lang='lat' dir='ltr'><strong>haderunga</strong></span> <span class='ocrx_word' id='word_1_173' title='bbox 962 2039 987 2088; x_wconf 86' lang='lat' dir='ltr'><strong>iu</strong></span> <span class='ocrx_word' id='word_1_174' title='bbox 1013 2039 1058 2088; x_wconf 89' lang='lat' dir='ltr'><strong>der</strong></span> <span class='ocrx_word' id='word_1_175' title='bbox 1078 2037 1147 2103; x_wconf 81' lang='lat' dir='ltr'><strong>Lago</strong></span> 
     </span>
     <span class='ocr_line' id='line_1_20' title="bbox 77 2105 1087 2170; baseline -0.002 -11"><span class='ocrx_word' id='word_1_176' title='bbox 77 2109 218 2161; x_wconf 84' lang='lat' dir='ltr'><strong>hefimllich.</strong></span> <span class='ocrx_word' id='word_1_177' title='bbox 240 2107 290 2156; x_wconf 85' lang='lat' dir='ltr'><strong>Dos</strong></span> <span class='ocrx_word' id='word_1_178' title='bbox 309 2105 376 2158; x_wconf 82' lang='lat' dir='ltr'><strong>Peri.</strong></span> <span class='ocrx_word' id='word_1_179' title='bbox 395 2122 443 2156; x_wconf 88' lang='lat' dir='ltr'><strong>von</strong></span> <span class='ocrx_word' id='word_1_180' title='bbox 465 2124 603 2168; x_wconf 74' lang='lat' dir='ltr'><strong>rumpat-ara</strong></span> <span class='ocrx_word' id='word_1_181' title='bbox 619 2109 713 2158; x_wconf 88' lang='lat' dir='ltr'><strong>miissto</strong></span> <span class='ocrx_word' id='word_1_182' title='bbox 731 2113 862 2170; x_wconf 72' lang='lat' dir='ltr'><strong>comparati</strong></span> <span class='ocrx_word' id='word_1_183' title='bbox 877 2125 960 2157; x_wconf 82' lang='lat' dir='ltr'><strong>aunrua</strong></span> <span class='ocrx_word' id='word_1_184' title='bbox 981 2106 1087 2158; x_wconf 84' lang='lat' dir='ltr'><strong>heissen.</strong></span> 
     </span>
    </p>

    <p class='ocr_par' dir='ltr' id='par_1_7' title="bbox 78 2175 1147 2308">
     <span class='ocr_line' id='line_1_21' title="bbox 160 2175 1147 2242; baseline 0 -16"><span class='ocrx_word' id='word_1_185' title='bbox 160 2183 187 2228; x_wconf 80' lang='lat' dir='ltr'><strong>tn</strong></span> <span class='ocrx_word' id='word_1_186' title='bbox 207 2179 365 2228; x_wconf 76' lang='lat' dir='ltr'><strong>contentionis</strong></span> <span class='ocrx_word' id='word_1_187' title='bbox 384 2179 515 2228; x_wconf 72' lang='lat' dir='ltr'><strong>ruditum:</strong></span> <span class='ocrx_word' id='word_1_188' title='bbox 532 2192 580 2226; x_wconf 86' lang='lat' dir='ltr'><strong>vor</strong></span> <span class='ocrx_word' id='word_1_189' title='bbox 593 2175 663 2226; x_wconf 81' lang='lat' dir='ltr'><strong>einen</strong></span> <span class='ocrx_word' id='word_1_190' title='bbox 679 2177 742 2226; x_wconf 79' lang='lat' dir='ltr'><strong>iiber</strong></span> <span class='ocrx_word' id='word_1_191' title='bbox 755 2177 827 2226; x_wconf 85' lang='lat' dir='ltr'><strong>einen</strong></span> <span class='ocrx_word' id='word_1_192' title='bbox 843 2175 1008 2242; x_wconf 80' lang='lat' dir='ltr'><strong>Wottlranrpf‚</strong></span> <span class='ocrx_word' id='word_1_193' title='bbox 1033 2177 1056 2227; x_wconf 84' lang='lat' dir='ltr'><strong>d.</strong></span> <span class='ocrx_word' id='word_1_194' title='bbox 1067 2177 1092 2225; x_wconf 84' lang='lat' dir='ltr'><strong>h.</strong></span> <span class='ocrx_word' id='word_1_195' title='bbox 1103 2177 1147 2226; x_wconf 86' lang='lat' dir='ltr'><strong>das</strong></span> 
     </span>
     <span class='ocr_line' id='line_1_22' title="bbox 78 2241 693 2308; baseline -0.003 -12"><span class='ocrx_word' id='word_1_196' title='bbox 78 2247 141 2298; x_wconf 84' lang='lat' dir='ltr'><strong>Mass</strong></span> <span class='ocrx_word' id='word_1_197' title='bbox 162 2248 211 2296; x_wconf 83' lang='lat' dir='ltr'><strong>der</strong></span> <span class='ocrx_word' id='word_1_198' title='bbox 228 2243 318 2295; x_wconf 74' lang='lat' dir='ltr'><strong>iir&#39;aii&#39;te</strong></span> <span class='ocrx_word' id='word_1_199' title='bbox 337 2245 505 2308; x_wconf 81' lang='lat' dir='ltr'><strong>eingesetzteu</strong></span> <span class='ocrx_word' id='word_1_200' title='bbox 525 2241 693 2295; x_wconf 80' lang='lat' dir='ltr'><strong>Goriehtshof.</strong></span> 
     </span>
    </p>

    <p class='ocr_par' dir='ltr' id='par_1_8' title="bbox 78 2311 1148 2448">
     <span class='ocr_line' id='line_1_23' title="bbox 158 2311 1148 2379; baseline -0.004 -13"><span class='ocrx_word' id='word_1_201' title='bbox 158 2333 215 2366; x_wconf 79' lang='lat' dir='ltr'><strong>curn</strong></span> <span class='ocrx_word' id='word_1_202' title='bbox 234 2319 274 2366; x_wconf 72' lang='lat' dir='ltr'><strong>aru</strong></span> <span class='ocrx_word' id='word_1_203' title='bbox 292 2324 347 2365; x_wconf 77' lang='lat' dir='ltr'><strong>aet:</strong></span> <span class='ocrx_word' id='word_1_204' title='bbox 370 2315 492 2363; x_wconf 85' lang='lat' dir='ltr'><strong>wiihrond</strong></span> <span class='ocrx_word' id='word_1_205' title='bbox 516 2315 579 2363; x_wconf 87' lang='lat' dir='ltr'><strong>doeh</strong></span> <span class='ocrx_word' id='word_1_206' title='bbox 599 2341 638 2374; x_wconf 88' lang='lat'><strong>-‚</strong></span> <span class='ocrx_word' id='word_1_207' title='bbox 656 2315 843 2379; x_wconf 85' lang='lat' dir='ltr'><strong>&#39;entspreehend</strong></span> <span class='ocrx_word' id='word_1_208' title='bbox 871 2314 914 2363; x_wconf 83' lang='lat' dir='ltr'><strong>der</strong></span> <span class='ocrx_word' id='word_1_209' title='bbox 939 2313 1045 2362; x_wconf 72' lang='lat' dir='ltr'><strong>awriten</strong></span> <span class='ocrx_word' id='word_1_210' title='bbox 1065 2311 1148 2376; x_wconf 82' lang='lat' dir='ltr'><strong>Frage</strong></span> 
     </span>
     <span class='ocr_line' id='line_1_24' title="bbox 78 2386 674 2448; baseline -0.007 -12"><span class='ocrx_word' id='word_1_211' title='bbox 78 2387 99 2446; x_wconf 80' lang='lat'><strong>8,</strong></span> <span class='ocrx_word' id='word_1_212' title='bbox 118 2387 165 2436; x_wconf 83' lang='lat'><strong>31:</strong></span> <span class='ocrx_word' id='word_1_213' title='bbox 184 2386 250 2448; x_wconf 74' lang='lat' dir='ltr'><strong>quid</strong></span> <span class='ocrx_word' id='word_1_214' title='bbox 265 2393 314 2434; x_wconf 85' lang='lat' dir='ltr'><strong>turn</strong></span> <span class='ocrx_word' id='word_1_215' title='bbox 335 2386 363 2434; x_wconf 77' lang='lat' dir='ltr'><strong>in</strong></span> <span class='ocrx_word' id='word_1_216' title='bbox 382 2399 425 2434; x_wconf 81' lang='lat' dir='ltr'><strong>suo</strong></span> <span class='ocrx_word' id='word_1_217' title='bbox 441 2399 525 2447; x_wconf 72' lang='lat' dir='ltr'><strong>penora</strong></span> <span class='ocrx_word' id='word_1_218' title='bbox 536 2393 674 2445; x_wconf 79' lang='lat' dir='ltr'><strong>praestana.</strong></span> 
     </span>
    </p>

    <p class='ocr_par' dir='ltr' id='par_1_9' title="bbox 78 2449 1149 2721">
     <span class='ocr_line' id='line_1_25' title="bbox 159 2449 1147 2514; baseline -0.002 -13"><span class='ocrx_word' id='word_1_219' title='bbox 159 2463 246 2504; x_wconf 78' lang='lat' dir='ltr'><strong>memet</strong></span> <span class='ocrx_word' id='word_1_220' title='bbox 263 2455 311 2502; x_wconf 81' lang='lat' dir='ltr'><strong>nru&#39;</strong></span> <span class='ocrx_word' id='word_1_221' title='bbox 322 2456 444 2513; x_wconf 81' lang='lat' dir='ltr'><strong>paenitet:</strong></span> <span class='ocrx_word' id='word_1_222' title='bbox 470 2451 512 2500; x_wconf 88' lang='lat' dir='ltr'><strong>bin</strong></span> <span class='ocrx_word' id='word_1_223' title='bbox 535 2452 581 2501; x_wconf 92' lang='lat' dir='ltr'><strong>mit</strong></span> <span class='ocrx_word' id='word_1_224' title='bbox 603 2451 651 2501; x_wconf 87' lang='lat' dir='ltr'><strong>mir</strong></span> <span class='ocrx_word' id='word_1_225' title='bbox 673 2451 752 2502; x_wconf 78' lang='lat' dir='ltr'><strong>selbot</strong></span> <span class='ocrx_word' id='word_1_226' title='bbox 774 2449 944 2514; x_wconf 80' lang='lat' dir='ltr'><strong>unzufriedon‚</strong></span> <span class='ocrx_word' id='word_1_227' title='bbox 968 2450 1020 2514; x_wconf 86' lang='lat' dir='ltr'>vgl.</span> <span class='ocrx_word' id='word_1_228' title='bbox 1039 2451 1070 2500; x_wconf 83' lang='lat' dir='ltr'><strong>ad</strong></span> <span class='ocrx_word' id='word_1_229' title='bbox 1089 2449 1147 2501; x_wconf 78' lang='lat' dir='ltr'><strong>iam.</strong></span> 
     </span>
     <span class='ocr_line' id='line_1_26' title="bbox 80 2520 1149 2584; baseline 0 -14"><span class='ocrx_word' id='word_1_230' title='bbox 80 2520 119 2572; x_wconf 85' lang='lat' dir='ltr'><strong>Vi.</strong></span> <span class='ocrx_word' id='word_1_231' title='bbox 139 2525 163 2584; x_wconf 87' lang='lat'><strong>1,</strong></span> <span class='ocrx_word' id='word_1_232' title='bbox 187 2525 217 2574; x_wconf 91' lang='lat'><strong>1:</strong></span> <span class='ocrx_word' id='word_1_233' title='bbox 245 2539 273 2572; x_wconf 81' lang='lat' dir='ltr'><strong>au</strong></span> <span class='ocrx_word' id='word_1_234' title='bbox 292 2523 444 2582; x_wconf 78' lang='lat' dir='ltr'><strong>perturbatio</strong></span> <span class='ocrx_word' id='word_1_235' title='bbox 469 2531 503 2571; x_wconf 81' lang='lat' dir='ltr'><strong>aot</strong></span> <span class='ocrx_word' id='word_1_236' title='bbox 525 2524 631 2570; x_wconf 83' lang='lat' dir='ltr'><strong>omniurn</strong></span> <span class='ocrx_word' id='word_1_237' title='bbox 654 2538 743 2582; x_wconf 83' lang='lat' dir='ltr'><strong>rarum,</strong></span> <span class='ocrx_word' id='word_1_238' title='bbox 767 2529 794 2570; x_wconf 92' lang='lat' dir='ltr'><strong>ut</strong></span> <span class='ocrx_word' id='word_1_239' title='bbox 816 2537 873 2570; x_wconf 80' lang='lat' dir='ltr'><strong>suaa</strong></span> <span class='ocrx_word' id='word_1_240' title='bbox 898 2536 1013 2584; x_wconf 84' lang='lat' dir='ltr'><strong>quemque</strong></span> <span class='ocrx_word' id='word_1_241' title='bbox 1034 2523 1149 2581; x_wconf 79' lang='lat' dir='ltr'><strong>fortunae</strong></span> 
     </span>
     <span class='ocr_line' id='line_1_27' title="bbox 78 2587 1148 2654; baseline -0.002 -14"><span class='ocrx_word' id='word_1_242' title='bbox 78 2597 177 2641; x_wconf 78' lang='lat' dir='ltr'><strong>munima</strong></span> <span class='ocrx_word' id='word_1_243' title='bbox 192 2594 333 2654; x_wconf 57' lang='lat' dir='ltr'><strong>poeniteam</strong></span> <span class='ocrx_word' id='word_1_244' title='bbox 351 2587 408 2640; x_wconf 86' lang='lat' dir='ltr'><strong>Tor.</strong></span> <span class='ocrx_word' id='word_1_245' title='bbox 429 2588 526 2640; x_wconf 90' lang='lat' dir='ltr'><strong>Phorm.</strong></span> <span class='ocrx_word' id='word_1_246' title='bbox 540 2589 558 2639; x_wconf 88' lang='grc' dir='ltr'><strong>Ι.</strong></span> <span class='ocrx_word' id='word_1_247' title='bbox 569 2593 593 2654; x_wconf 82' lang='grc'><strong>3,</strong></span> <span class='ocrx_word' id='word_1_248' title='bbox 609 2591 655 2640; x_wconf 83' lang='grc' dir='ltr'><strong>2οε</strong></span> <span class='ocrx_word' id='word_1_249' title='bbox 676 2592 716 2640; x_wconf 81' lang='lat' dir='ltr'><strong>ltu</strong></span> <span class='ocrx_word' id='word_1_250' title='bbox 723 2593 834 2652; x_wconf 77' lang='lat' dir='ltr'><strong>plerique</strong></span> <span class='ocrx_word' id='word_1_251' title='bbox 845 2593 939 2654; x_wconf 78' lang='lat' dir='ltr'><strong>r&#39;npenio</strong></span> <span class='ocrx_word' id='word_1_252' title='bbox 954 2605 1036 2640; x_wconf 79' lang='lat' dir='ltr'><strong>eumue</strong></span> <span class='ocrx_word' id='word_1_253' title='bbox 1054 2606 1148 2640; x_wconf 75' lang='lat' dir='ltr'><strong>omnes:</strong></span> 
     </span>
     <span class='ocr_line' id='line_1_28' title="bbox 79 2663 392 2721; baseline -0.003 -13"><span class='ocrx_word' id='word_1_254' title='bbox 79 2665 154 2710; x_wconf 79' lang='lat' dir='ltr'><strong>nostri·</strong></span> <span class='ocrx_word' id='word_1_255' title='bbox 171 2669 265 2709; x_wconf 81' lang='lat' dir='ltr'><strong>nosmet</strong></span> <span class='ocrx_word' id='word_1_256' title='bbox 280 2663 392 2721; x_wconf 73' lang='lat' dir='ltr'><strong>paenitet.</strong></span> 
     </span>
    </p>

    <p class='ocr_par' dir='ltr' id='par_1_10' title="bbox 78 2724 1149 2848">
     <span class='ocr_line' id='line_1_29' title="bbox 167 2724 1149 2790; baseline -0.005 -11"><span class='ocrx_word' id='word_1_257' title='bbox 167 2731 299 2788; x_wconf 77' lang='lat' dir='ltr'><strong>Videtisne,</strong></span> <span class='ocrx_word' id='word_1_258' title='bbox 324 2743 352 2776; x_wconf 89' lang='lat' dir='ltr'><strong>so</strong></span> <span class='ocrx_word' id='word_1_259' title='bbox 369 2725 533 2790; x_wconf 78' lang='lat' dir='ltr'><strong>regelmiissig</strong></span> <span class='ocrx_word' id='word_1_260' title='bbox 553 2725 593 2776; x_wconf 86' lang='lat' dir='ltr'><strong>boi</strong></span> <span class='ocrx_word' id='word_1_261' title='bbox 611 2724 671 2789; x_wconf 76' lang='lat' dir='ltr'><strong>cia,</strong></span> <span class='ocrx_word' id='word_1_262' title='bbox 690 2725 760 2776; x_wconf 85' lang='lat' dir='ltr'><strong>nieht</strong></span> <span class='ocrx_word' id='word_1_263' title='bbox 777 2743 857 2777; x_wconf 82' lang='lat' dir='ltr'><strong>nonna</strong></span> <span class='ocrx_word' id='word_1_264' title='bbox 873 2730 974 2790; x_wconf 53' lang='lat' dir='ltr'><strong>aidum</strong></span> <span class='ocrx_word' id='word_1_265' title='bbox 993 2726 1083 2776; x_wconf 84' lang='lat' dir='ltr'><strong>obenso</strong></span> <span class='ocrx_word' id='word_1_266' title='bbox 1102 2742 1149 2776; x_wconf 92' lang='lat' dir='ltr'><strong>nur</strong></span> 
     </span>
     <span class='ocr_line' id='line_1_30' title="bbox 78 2797 404 2848; baseline 0.003 -4"><span class='ocrx_word' id='word_1_267' title='bbox 78 2799 169 2848; x_wconf 75' lang='lat' dir='ltr'><strong>videsne</strong></span> <span class='ocrx_word' id='word_1_268' title='bbox 188 2797 241 2846; x_wconf 86' lang='lat' dir='ltr'><strong>und</strong></span> <span class='ocrx_word' id='word_1_269' title='bbox 262 2800 404 2848; x_wconf 75' lang='lat' dir='ltr'><strong>videmusne.</strong></span> 
     </span>
    </p>

    <p class='ocr_par' dir='ltr' id='par_1_11' title="bbox 80 2861 1150 3205">
     <span class='ocr_line' id='line_1_31' title="bbox 160 2861 1148 2928; baseline -0.003 -12"><span class='ocrx_word' id='word_1_270' title='bbox 160 2869 293 2926; x_wconf 75' lang='lat' dir='ltr'><strong>uehemens,</strong></span> <span class='ocrx_word' id='word_1_271' title='bbox 317 2875 455 2914; x_wconf 74' lang='lat' dir='ltr'><strong>commotum</strong></span> <span class='ocrx_word' id='word_1_272' title='bbox 473 2866 500 2912; x_wconf 84' lang='lat' dir='ltr'><strong>r&#39;n</strong></span> <span class='ocrx_word' id='word_1_273' title='bbox 517 2867 621 2928; x_wconf 78' lang='lat' dir='ltr'><strong>apendo:</strong></span> <span class='ocrx_word' id='word_1_274' title='bbox 649 2861 731 2926; x_wconf 80' lang='lat' dir='ltr'><strong>feurig</strong></span> <span class='ocrx_word' id='word_1_275' title='bbox 748 2861 889 2926; x_wconf 79' lang='lat' dir='ltr'><strong>ergreitend</strong></span> <span class='ocrx_word' id='word_1_276' title='bbox 908 2863 940 2912; x_wconf 89' lang='lat' dir='ltr'><strong>im</strong></span> <span class='ocrx_word' id='word_1_277' title='bbox 960 2863 1081 2927; x_wconf 83' lang='lat' dir='ltr'><strong>Vortrag,</strong></span> <span class='ocrx_word' id='word_1_278' title='bbox 1099 2863 1148 2913; x_wconf 85' lang='lat' dir='ltr'><strong>wie</strong></span> 
     </span>
     <span class='ocr_line' id='line_1_32' title="bbox 83 2929 1148 2997; baseline 0.003 -16"><span class='ocrx_word' id='word_1_279' title='bbox 83 2931 132 2982; x_wconf 82' lang='lat' dir='ltr'><strong>sith</strong></span> <span class='ocrx_word' id='word_1_280' title='bbox 148 2933 275 2985; x_wconf 80' lang='lat' dir='ltr'><strong>Antonius</strong></span> <span class='ocrx_word' id='word_1_281' title='bbox 300 2934 341 2984; x_wconf 89' lang='lat' dir='ltr'><strong>bei</strong></span> <span class='ocrx_word' id='word_1_282' title='bbox 365 2934 410 2983; x_wconf 85' lang='lat' dir='ltr'><strong>dor</strong></span> <span class='ocrx_word' id='word_1_283' title='bbox 428 2931 628 2996; x_wconf 80' lang='lat' dir='ltr'><strong>Vertheidigung</strong></span> <span class='ocrx_word' id='word_1_284' title='bbox 650 2933 692 2982; x_wconf 86' lang='lat' dir='ltr'><strong>des</strong></span> <span class='ocrx_word' id='word_1_285' title='bbox 711 2929 744 2981; x_wconf 84' lang='grc' dir='ltr'><strong>Μ’</strong></span> <span class='ocrx_word' id='word_1_286' title='bbox 762 2931 876 2996; x_wconf 81' lang='lat' dir='ltr'><strong>Aquilius</strong></span> <span class='ocrx_word' id='word_1_287' title='bbox 901 2930 992 2997; x_wconf 82' lang='lat' dir='ltr'><strong>zeigto,</strong></span> <span class='ocrx_word' id='word_1_288' title='bbox 1011 2947 1031 2984; x_wconf 79' lang='lat' dir='ltr'><strong>s,</strong></span> <span class='ocrx_word' id='word_1_289' title='bbox 1052 2930 1082 2983; x_wconf 90' lang='grc' dir='ltr'><strong>ΙΙ.</strong></span> <span class='ocrx_word' id='word_1_290' title='bbox 1106 2936 1148 2994; x_wconf 78' lang='lat'><strong>47,</strong></span> 
     </span>
     <span class='ocr_line' id='line_1_33' title="bbox 85 2999 1148 3067; baseline 0 -15"><span class='ocrx_word' id='word_1_291' title='bbox 85 3004 129 3054; x_wconf 78' lang='lat'><strong>195</strong></span> <span class='ocrx_word' id='word_1_292' title='bbox 150 3003 174 3054; x_wconf 80' lang='lat' dir='ltr'><strong>ff.</strong></span> <span class='ocrx_word' id='word_1_293' title='bbox 194 3001 230 3052; x_wconf 82' lang='lat' dir='ltr'><strong>Er</strong></span> <span class='ocrx_word' id='word_1_294' title='bbox 248 3003 327 3054; x_wconf 85' lang='lat' dir='ltr'><strong>selbst</strong></span> <span class='ocrx_word' id='word_1_295' title='bbox 345 3002 472 3067; x_wconf 83' lang='lat' dir='ltr'><strong>empfiohlt</strong></span> <span class='ocrx_word' id='word_1_296' title='bbox 492 2999 559 3050; x_wconf 82' lang='lat' dir='ltr'><strong>diosa</strong></span> <span class='ocrx_word' id='word_1_297' title='bbox 576 2999 770 3064; x_wconf 79' lang='lat' dir='ltr'><strong>Eigensehasten</strong></span> <span class='ocrx_word' id='word_1_298' title='bbox 789 2999 819 3050; x_wconf 87' lang='lat' dir='ltr'><strong>li.</strong></span> <span class='ocrx_word' id='word_1_299' title='bbox 840 3004 878 3062; x_wconf 79' lang='lat'><strong>17,</strong></span> <span class='ocrx_word' id='word_1_300' title='bbox 899 3003 943 3052; x_wconf 79' lang='lat'><strong>73:</strong></span> <span class='ocrx_word' id='word_1_301' title='bbox 970 3005 1076 3052; x_wconf 75' lang='lat' dir='ltr'><strong>omniurn</strong></span> <span class='ocrx_word' id='word_1_302' title='bbox 1095 3019 1148 3052; x_wconf 81' lang='lat' dir='ltr'><strong>aan-</strong></span> 
     </span>
     <span class='ocr_line' id='line_1_34' title="bbox 83 3073 1150 3137; baseline 0.002 -18"><span class='ocrx_word' id='word_1_303' title='bbox 83 3075 210 3122; x_wconf 80' lang='lat' dir='ltr'><strong>ttntr&#39;arum</strong></span> <span class='ocrx_word' id='word_1_304' title='bbox 222 3076 346 3137; x_wconf 77' lang='lat' dir='ltr'><strong>pravitate,</strong></span> <span class='ocrx_word' id='word_1_305' title='bbox 359 3075 465 3122; x_wconf 81' lang='lat' dir='ltr'><strong>omniurn</strong></span> <span class='ocrx_word' id='word_1_306' title='bbox 477 3073 602 3120; x_wconf 75' lang='lat' dir='ltr'><strong>uerborum</strong></span> <span class='ocrx_word' id='word_1_307' title='bbox 606 3073 755 3130; x_wconf 73' lang='lat' dir='ltr'><strong>ponderibus</strong></span> <span class='ocrx_word' id='word_1_308' title='bbox 764 3079 796 3120; x_wconf 81' lang='lat' dir='ltr'><strong>art</strong></span> <span class='ocrx_word' id='word_1_309' title='bbox 808 3074 922 3121; x_wconf 78' lang='lat' dir='ltr'><strong>utendum</strong></span> <span class='ocrx_word' id='word_1_310' title='bbox 927 3089 939 3132; x_wconf 88' lang='lat'><em>;</em></span> <span class='ocrx_word' id='word_1_311' title='bbox 955 3074 1048 3121; x_wconf 85' lang='lat' dir='ltr'><strong>aaardat</strong></span> <span class='ocrx_word' id='word_1_312' title='bbox 1061 3081 1150 3133; x_wconf 83' lang='lat' dir='ltr'><strong>oportet</strong></span> 
     </span>
     <span class='ocr_line' id='line_1_35' title="bbox 80 3142 1147 3205; baseline 0.001 -17"><span class='ocrx_word' id='word_1_313' title='bbox 80 3144 135 3191; x_wconf 82' lang='lat' dir='ltr'><strong>aetio</strong></span> <span class='ocrx_word' id='word_1_314' title='bbox 145 3145 223 3204; x_wconf 79' lang='lat' dir='ltr'><strong>auria,</strong></span> <span class='ocrx_word' id='word_1_315' title='bbox 234 3145 362 3200; x_wconf 69' lang='lat' dir='ltr'><strong>uehuntur,</strong></span> <span class='ocrx_word' id='word_1_316' title='bbox 373 3145 449 3202; x_wconf 80' lang='lat' dir='ltr'><strong>plana</strong></span> <span class='ocrx_word' id='word_1_317' title='bbox 458 3142 541 3204; x_wconf 75' lang='lat' dir='ltr'><strong>animi,</strong></span> <span class='ocrx_word' id='word_1_318' title='bbox 550 3143 624 3200; x_wconf 80' lang='lat' dir='ltr'><strong>puna</strong></span> <span class='ocrx_word' id='word_1_319' title='bbox 632 3143 741 3202; x_wconf 82' lang='lat' dir='ltr'><strong>aptrr&#39;tns,</strong></span> <span class='ocrx_word' id='word_1_320' title='bbox 754 3143 829 3201; x_wconf 80' lang='lat' dir='ltr'><strong>plana</strong></span> <span class='ocrx_word' id='word_1_321' title='bbox 838 3143 936 3205; x_wconf 80' lang='lat' dir='ltr'><strong>datoris,</strong></span> <span class='ocrx_word' id='word_1_322' title='bbox 948 3145 1021 3200; x_wconf 83' lang='lat' dir='ltr'><strong>plena</strong></span> <span class='ocrx_word' id='word_1_323' title='bbox 1030 3144 1147 3192; x_wconf 74' lang='lat' dir='ltr'><strong>ueritatis.</strong></span> 
     </span>
    </p>

    <p class='ocr_par' dir='ltr' id='par_1_12' title="bbox 162 3205 790 3260">
     <span class='ocr_line' id='line_1_36' title="bbox 162 3205 790 3260; baseline -0.005 0"><span class='ocrx_word' id='word_1_324' title='bbox 162 3214 326 3260; x_wconf 73' lang='lat' dir='ltr'><strong>enucleatum:</strong></span> <span class='ocrx_word' id='word_1_325' title='bbox 346 3209 392 3258; x_wconf 88' lang='lat' dir='ltr'><strong>don</strong></span> <span class='ocrx_word' id='word_1_326' title='bbox 410 3207 477 3258; x_wconf 80' lang='lat' dir='ltr'><strong>Rern</strong></span> <span class='ocrx_word' id='word_1_327' title='bbox 497 3209 541 3256; x_wconf 84' lang='lat' dir='ltr'><strong>dor</strong></span> <span class='ocrx_word' id='word_1_328' title='bbox 557 3207 636 3258; x_wconf 84' lang='lat' dir='ltr'><strong>Sache</strong></span> <span class='ocrx_word' id='word_1_329' title='bbox 655 3205 790 3257; x_wconf 81' lang='lat' dir='ltr'><strong>oriossend.</strong></span> 
     </span>
    </p>

    <p class='ocr_par' dir='ltr' id='par_1_13' title="bbox 82 3275 1150 3615">
     <span class='ocr_line' id='line_1_37' title="bbox 162 3275 1149 3341; baseline -0.003 -13"><span class='ocrx_word' id='word_1_330' title='bbox 162 3295 319 3329; x_wconf 78' lang='lat' dir='ltr'><strong>commorans.</strong></span> <span class='ocrx_word' id='word_1_331' title='bbox 349 3277 407 3341; x_wconf 79' lang='lat' dir='ltr'><strong>Vgl.</strong></span> <span class='ocrx_word' id='word_1_332' title='bbox 428 3275 458 3326; x_wconf 85' lang='lat' dir='ltr'><strong>ll.</strong></span> <span class='ocrx_word' id='word_1_333' title='bbox 479 3278 520 3338; x_wconf 78' lang='lat'><strong>72,</strong></span> <span class='ocrx_word' id='word_1_334' title='bbox 541 3278 604 3329; x_wconf 83' lang='lat'>292:</span> <span class='ocrx_word' id='word_1_335' title='bbox 628 3279 685 3327; x_wconf 84' lang='lat' dir='ltr'><strong>Mea</strong></span> <span class='ocrx_word' id='word_1_336' title='bbox 703 3277 836 3338; x_wconf 78' lang='lat' dir='ltr'><strong>(Antonii)</strong></span> <span class='ocrx_word' id='word_1_337' title='bbox 852 3286 929 3327; x_wconf 74' lang='lat' dir='ltr'><strong>autern</strong></span> <span class='ocrx_word' id='word_1_338' title='bbox 946 3281 1008 3328; x_wconf 86' lang='lat' dir='ltr'><strong>rutr&#39;o</strong></span> <span class='ocrx_word' id='word_1_339' title='bbox 1026 3280 1083 3328; x_wconf 78' lang='lat' dir='ltr'><strong>hara</strong></span> <span class='ocrx_word' id='word_1_340' title='bbox 1101 3293 1149 3326; x_wconf 80' lang='lat' dir='ltr'><strong>esse</strong></span> 
     </span>
     <span class='ocr_line' id='line_1_38' title="bbox 83 3345 1150 3412; baseline 0.001 -19"><span class='ocrx_word' id='word_1_341' title='bbox 83 3345 107 3394; x_wconf 87' lang='lat' dir='ltr'><strong>r&#39;n</strong></span> <span class='ocrx_word' id='word_1_342' title='bbox 126 3349 223 3398; x_wconf 77' lang='lat' dir='ltr'><strong>ditando</strong></span> <span class='ocrx_word' id='word_1_343' title='bbox 243 3351 309 3406; x_wconf 78' lang='lat' dir='ltr'><strong>solat,</strong></span> <span class='ocrx_word' id='word_1_344' title='bbox 327 3357 355 3397; x_wconf 91' lang='lat' dir='ltr'><strong>ut</strong></span> <span class='ocrx_word' id='word_1_345' title='bbox 371 3351 428 3397; x_wconf 79' lang='lat' dir='ltr'><strong>boni</strong></span> <span class='ocrx_word' id='word_1_346' title='bbox 438 3349 503 3409; x_wconf 81' lang='lat' dir='ltr'><strong>quod</strong></span> <span class='ocrx_word' id='word_1_347' title='bbox 519 3347 602 3395; x_wconf 81' lang='lat' dir='ltr'><strong>habeat</strong></span> <span class='ocrx_word' id='word_1_348' title='bbox 617 3349 644 3398; x_wconf 82' lang='lat' dir='ltr'><strong>r&#39;d</strong></span> <span class='ocrx_word' id='word_1_349' title='bbox 659 3349 795 3407; x_wconf 80' lang='lat' dir='ltr'><strong>ampuatar,</strong></span> <span class='ocrx_word' id='word_1_350' title='bbox 814 3362 932 3410; x_wconf 65' lang='lat' dir='ltr'><strong>marnam,</strong></span> <span class='ocrx_word' id='word_1_351' title='bbox 951 3362 1095 3412; x_wconf 76' lang='lat' dir='ltr'><strong>erapperarn,</strong></span> <span class='ocrx_word' id='word_1_352' title='bbox 1114 3347 1150 3394; x_wconf 76' lang='lat' dir='ltr'><strong>itt</strong></span> 
     </span>
     <span class='ocr_line' id='line_1_39' title="bbox 82 3417 1148 3478; baseline 0.003 -18"><span class='ocrx_word' id='word_1_353' title='bbox 82 3428 213 3478; x_wconf 79' lang='lat' dir='ltr'><strong>commorer,</strong></span> <span class='ocrx_word' id='word_1_354' title='bbox 242 3419 278 3466; x_wconf 81' lang='lat' dir='ltr'><strong>r&#39;br&#39;</strong></span> <span class='ocrx_word' id='word_1_355' title='bbox 295 3418 406 3476; x_wconf 78' lang='lat' dir='ltr'><strong>tabitam,</strong></span> <span class='ocrx_word' id='word_1_356' title='bbox 426 3417 602 3474; x_wconf 60' lang='lat' dir='ltr'><strong>r&#39;bttuerenrm·</strong></span> <span class='ocrx_word' id='word_1_357' title='bbox 627 3431 642 3462; x_wconf 85' lang='lat' dir='ltr'><strong>u</strong></span> <span class='ocrx_word' id='word_1_358' title='bbox 660 3419 721 3464; x_wconf 83' lang='lat' dir='ltr'><strong>rnatu</strong></span> <span class='ocrx_word' id='word_1_359' title='bbox 738 3425 816 3464; x_wconf 82' lang='lat' dir='ltr'><strong>autern</strong></span> <span class='ocrx_word' id='word_1_360' title='bbox 834 3417 940 3478; x_wconf 75' lang='lat' dir='ltr'><strong>uittaque</strong></span> <span class='ocrx_word' id='word_1_361' title='bbox 957 3431 1040 3465; x_wconf 83' lang='lat' dir='ltr'><strong>aauraa</strong></span> <span class='ocrx_word' id='word_1_362' title='bbox 1057 3417 1092 3463; x_wconf 80' lang='lat' dir='ltr'><strong>tta</strong></span> <span class='ocrx_word' id='word_1_363' title='bbox 1108 3430 1148 3463; x_wconf 84' lang='lat' dir='ltr'><strong>ra-</strong></span> 
     </span>
     <span class='ocr_line' id='line_1_40' title="bbox 82 3484 1149 3548; baseline 0.002 -18"><span class='ocrx_word' id='word_1_364' title='bbox 82 3487 163 3546; x_wconf 82' lang='lat' dir='ltr'><strong>ardarn,</strong></span> <span class='ocrx_word' id='word_1_365' title='bbox 183 3501 232 3534; x_wconf 88' lang='lat' dir='ltr'><strong>non</strong></span> <span class='ocrx_word' id='word_1_366' title='bbox 251 3493 279 3535; x_wconf 86' lang='lat' dir='ltr'><strong>ut</strong></span> <span class='ocrx_word' id='word_1_367' title='bbox 296 3489 323 3534; x_wconf 81' lang='lat' dir='ltr'><strong>iat</strong></span> <span class='ocrx_word' id='word_1_368' title='bbox 340 3501 377 3534; x_wconf 82' lang='lat' dir='ltr'><strong>rna</strong></span> <span class='ocrx_word' id='word_1_369' title='bbox 394 3487 508 3548; x_wconf 79' lang='lat' dir='ltr'><strong>desupara</strong></span> <span class='ocrx_word' id='word_1_370' title='bbox 524 3493 647 3546; x_wconf 80' lang='lat' dir='ltr'><strong>appareat,</strong></span> <span class='ocrx_word' id='word_1_371' title='bbox 673 3489 715 3534; x_wconf 76' lang='lat' dir='ltr'><strong>aad</strong></span> <span class='ocrx_word' id='word_1_372' title='bbox 730 3493 758 3534; x_wconf 89' lang='lat' dir='ltr'><strong>ut</strong></span> <span class='ocrx_word' id='word_1_373' title='bbox 775 3494 849 3534; x_wconf 84' lang='lat' dir='ltr'><strong>totum</strong></span> <span class='ocrx_word' id='word_1_374' title='bbox 864 3487 925 3547; x_wconf 48' lang='lat' dir='ltr'><strong>,bono</strong></span> <span class='ocrx_word' id='word_1_375' title='bbox 943 3487 984 3534; x_wconf 77' lang='lat' dir='ltr'><strong>illo</strong></span> <span class='ocrx_word' id='word_1_376' title='bbox 1001 3484 1109 3532; x_wconf 85' lang='lat' dir='ltr'><strong>ornando</strong></span> <span class='ocrx_word' id='word_1_377' title='bbox 1126 3491 1149 3532; x_wconf 86' lang='lat' dir='ltr'><strong>et</strong></span> 
     </span>
     <span class='ocr_line' id='line_1_41' title="bbox 82 3555 877 3615; baseline 0.003 -15"><span class='ocrx_word' id='word_1_378' title='bbox 82 3557 183 3615; x_wconf 78' lang='lat' dir='ltr'><strong>arapendo</strong></span> <span class='ocrx_word' id='word_1_379' title='bbox 202 3557 378 3603; x_wconf 76' lang='lat' dir='ltr'><strong>dissimulatum</strong></span> <span class='ocrx_word' id='word_1_380' title='bbox 395 3555 517 3603; x_wconf 81' lang='lat' dir='ltr'><strong>obruatur.</strong></span> <span class='ocrx_word' id='word_1_381' title='bbox 875 3591 877 3595; x_wconf 85' lang='lat'>.</span> 
     </span>
    </p>

    <p class='ocr_par' dir='ltr' id='par_1_14' title="bbox 81 3617 1214 4030">
     <span class='ocr_line' id='line_1_42' title="bbox 162 3617 1147 3684; baseline -0.008 -12"><span class='ocrx_word' id='word_1_382' title='bbox 162 3625 256 3673; x_wconf 78' lang='lat' dir='ltr'><strong>teneare</strong></span> <span class='ocrx_word' id='word_1_383' title='bbox 282 3625 372 3684; x_wconf 79' lang='lat' dir='ltr'><strong>aedano,</strong></span> <span class='ocrx_word' id='word_1_384' title='bbox 397 3621 446 3671; x_wconf 85' lang='lat' dir='ltr'><strong>wie</strong></span> <span class='ocrx_word' id='word_1_385' title='bbox 474 3619 597 3670; x_wconf 84' lang='lat' dir='ltr'><strong>Antonius</strong></span> <span class='ocrx_word' id='word_1_386' title='bbox 625 3617 654 3668; x_wconf 86' lang='lat' dir='ltr'><strong>lt.</strong></span> <span class='ocrx_word' id='word_1_387' title='bbox 680 3621 721 3679; x_wconf 76' lang='lat'><strong>72,</strong></span> <span class='ocrx_word' id='word_1_388' title='bbox 740 3622 790 3670; x_wconf 75' lang='lat'><strong>294</strong></span> <span class='ocrx_word' id='word_1_389' title='bbox 818 3635 867 3668; x_wconf 91' lang='lat' dir='ltr'><strong>von</strong></span> <span class='ocrx_word' id='word_1_390' title='bbox 894 3619 949 3673; x_wconf 80' lang='lat' dir='ltr'><strong>sich</strong></span> <span class='ocrx_word' id='word_1_391' title='bbox 974 3617 1053 3667; x_wconf 85' lang='lat' dir='ltr'><strong>selbst</strong></span> <span class='ocrx_word' id='word_1_392' title='bbox 1078 3622 1147 3682; x_wconf 72' lang='lat' dir='ltr'><strong>sagt:</strong></span> 
     </span>
     <span class='ocr_line' id='line_1_43' title="bbox 82 3689 1150 3756; baseline -0.001 -20"><span class='ocrx_word' id='word_1_393' title='bbox 82 3702 118 3751; x_wconf 78' lang='lat' dir='ltr'><strong>apo</strong></span> <span class='ocrx_word' id='word_1_394' title='bbox 142 3695 170 3740; x_wconf 70' lang='lat' dir='ltr'><strong>aa</strong></span> <span class='ocrx_word' id='word_1_395' title='bbox 193 3708 245 3742; x_wconf 83' lang='lat' dir='ltr'><strong>mea</strong></span> <span class='ocrx_word' id='word_1_396' title='bbox 268 3708 341 3756; x_wconf 86' lang='lat' dir='ltr'><strong>nuna,</strong></span> <span class='ocrx_word' id='word_1_397' title='bbox 366 3707 414 3741; x_wconf 85' lang='lat' dir='ltr'><strong>non</strong></span> <span class='ocrx_word' id='word_1_398' title='bbox 441 3695 469 3740; x_wconf 84' lang='lat' dir='ltr'><strong>da</strong></span> <span class='ocrx_word' id='word_1_399' title='bbox 492 3695 595 3740; x_wconf 81' lang='lat' dir='ltr'><strong>altorum</strong></span> <span class='ocrx_word' id='word_1_400' title='bbox 613 3689 735 3753; x_wconf 77' lang='lat' dir='ltr'><strong>suauitate</strong></span> <span class='ocrx_word' id='word_1_401' title='bbox 757 3691 851 3748; x_wconf 78' lang='lat' dir='ltr'><strong>disputo</strong></span> <span class='ocrx_word' id='word_1_402' title='bbox 874 3693 1031 3751; x_wconf 76' lang='lat' dir='ltr'><strong>confiteorque</strong></span> <span class='ocrx_word' id='word_1_403' title='bbox 1053 3703 1101 3742; x_wconf 85' lang='lat' dir='ltr'><strong>rna,</strong></span> <span class='ocrx_word' id='word_1_404' title='bbox 1127 3689 1150 3736; x_wconf 74' lang='grc' dir='ltr'><strong>ει·</strong></span> 
     </span>
     <span class='ocr_line' id='line_1_44' title="bbox 82 3759 1147 3820; baseline -0.002 -14"><span class='ocrx_word' id='word_1_405' title='bbox 82 3771 126 3818; x_wconf 83' lang='lat' dir='ltr'><strong>pua</strong></span> <span class='ocrx_word' id='word_1_406' title='bbox 137 3771 232 3818; x_wconf 76' lang='lat' dir='ltr'><strong>prauam</strong></span> <span class='ocrx_word' id='word_1_407' title='bbox 253 3777 295 3810; x_wconf 83' lang='lat' dir='ltr'><strong>rea</strong></span> <span class='ocrx_word' id='word_1_408' title='bbox 318 3762 482 3820; x_wconf 77' lang='lat' dir='ltr'><strong>uehementius,</strong></span> <span class='ocrx_word' id='word_1_409' title='bbox 508 3763 543 3808; x_wconf 80' lang='lat' dir='ltr'><strong>tta</strong></span> <span class='ocrx_word' id='word_1_410' title='bbox 561 3761 640 3808; x_wconf 81' lang='lat' dir='ltr'><strong>aedera</strong></span> <span class='ocrx_word' id='word_1_411' title='bbox 658 3761 739 3820; x_wconf 74' lang='lat' dir='ltr'><strong>notua,</strong></span> <span class='ocrx_word' id='word_1_412' title='bbox 765 3767 792 3806; x_wconf 90' lang='lat' dir='ltr'><strong>ut</strong></span> <span class='ocrx_word' id='word_1_413' title='bbox 816 3773 865 3806; x_wconf 92' lang='lat' dir='ltr'><strong>non</strong></span> <span class='ocrx_word' id='word_1_414' title='bbox 890 3759 958 3806; x_wconf 84' lang='lat' dir='ltr'><strong>modo</strong></span> <span class='ocrx_word' id='word_1_415' title='bbox 983 3772 1032 3804; x_wconf 89' lang='lat' dir='ltr'><strong>non</strong></span> <span class='ocrx_word' id='word_1_416' title='bbox 1053 3759 1147 3817; x_wconf 72' lang='lat' dir='ltr'><strong>abuma,</strong></span> 
     </span>
     <span class='ocr_line' id='line_1_45' title="bbox 82 3827 1149 3892; baseline 0.002 -20"><span class='ocrx_word' id='word_1_417' title='bbox 82 3829 120 3873; x_wconf 78' lang='lat' dir='ltr'><strong>aad</strong></span> <span class='ocrx_word' id='word_1_418' title='bbox 135 3843 164 3876; x_wconf 83' lang='lat' dir='ltr'><strong>ne</strong></span> <span class='ocrx_word' id='word_1_419' title='bbox 180 3833 264 3879; x_wconf 78' lang='lat' dir='ltr'><strong>retecto</strong></span> <span class='ocrx_word' id='word_1_420' title='bbox 281 3832 376 3892; x_wconf 77' lang='lat' dir='ltr'><strong>quidem</strong></span> <span class='ocrx_word' id='word_1_421' title='bbox 391 3839 455 3878; x_wconf 77' lang='lat' dir='ltr'><strong>sunto</strong></span> <span class='ocrx_word' id='word_1_422' title='bbox 471 3830 558 3892; x_wconf 75' lang='lat' dir='ltr'><strong>supere</strong></span> <span class='ocrx_word' id='word_1_423' title='bbox 571 3829 663 3887; x_wconf 80' lang='lat' dir='ltr'><strong>uidear,</strong></span> <span class='ocrx_word' id='word_1_424' title='bbox 684 3830 726 3876; x_wconf 82' lang='lat' dir='ltr'><strong>rad</strong></span> <span class='ocrx_word' id='word_1_425' title='bbox 741 3829 852 3875; x_wconf 77' lang='lat' dir='ltr'><strong>adhibere</strong></span> <span class='ocrx_word' id='word_1_426' title='bbox 868 3828 991 3889; x_wconf 84' lang='lat' dir='ltr'><strong>quandum</strong></span> <span class='ocrx_word' id='word_1_427' title='bbox 1008 3828 1035 3874; x_wconf 85' lang='lat' dir='ltr'><strong>r&#39;n</strong></span> <span class='ocrx_word' id='word_1_428' title='bbox 1049 3827 1149 3875; x_wconf 76' lang='lat' dir='ltr'><strong>ditando</strong></span> 
     </span>
     <span class='ocr_line' id='line_1_46' title="bbox 83 3895 1214 3961; baseline -0.002 -17"><span class='ocrx_word' id='word_1_429' title='bbox 83 3898 174 3953; x_wconf 76' lang='lat' dir='ltr'><strong>speeiem</strong></span> <span class='ocrx_word' id='word_1_430' title='bbox 191 3907 262 3960; x_wconf 81' lang='lat' dir='ltr'><strong>atqua</strong></span> <span class='ocrx_word' id='word_1_431' title='bbox 274 3913 388 3959; x_wconf 84' lang='lat' dir='ltr'><strong>pompam</strong></span> <span class='ocrx_word' id='word_1_432' title='bbox 412 3907 434 3947; x_wconf 83' lang='lat' dir='ltr'><strong>et</strong></span> <span class='ocrx_word' id='word_1_433' title='bbox 455 3913 552 3961; x_wconf 79' lang='lat' dir='ltr'><strong>pupnaa</strong></span> <span class='ocrx_word' id='word_1_434' title='bbox 574 3899 675 3946; x_wconf 80' lang='lat' dir='ltr'><strong>oirnr‘tern</strong></span> <span class='ocrx_word' id='word_1_435' title='bbox 693 3895 793 3958; x_wconf 75' lang='lat' dir='ltr'><strong>fupurn:</strong></span> <span class='ocrx_word' id='word_1_436' title='bbox 816 3899 944 3944; x_wconf 75' lang='lat' dir='ltr'><strong>constatura</strong></span> <span class='ocrx_word' id='word_1_437' title='bbox 968 3910 1023 3944; x_wconf 83' lang='lat' dir='ltr'><strong>raro</strong></span> <span class='ocrx_word' id='word_1_438' title='bbox 1049 3899 1076 3943; x_wconf 79' lang='lat' dir='ltr'><strong>r&#39;n</strong></span> <span class='ocrx_word' id='word_1_439' title='bbox 1099 3910 1149 3944; x_wconf 85' lang='lat' dir='ltr'><strong>meo</strong></span> <span class='ocrx_word' id='word_1_440' title='bbox 1213 3918 1214 3921; x_wconf 38' lang='lat'>¹</span> 
     </span>
     <span class='ocr_line' id='line_1_47' title="bbox 81 3965 1149 4030; baseline 0.002 -20"><span class='ocrx_word' id='word_1_441' title='bbox 81 3969 198 4020; x_wconf 73' lang='lat' dir='ltr'><strong>praeridit</strong></span> <span class='ocrx_word' id='word_1_442' title='bbox 214 3969 256 4028; x_wconf 73' lang='grc' dir='ltr'><strong>εἰσ,</strong></span> <span class='ocrx_word' id='word_1_443' title='bbox 274 3978 364 4017; x_wconf 90' lang='lat' dir='ltr'><strong>utnon</strong></span> <span class='ocrx_word' id='word_1_444' title='bbox 384 3967 498 4030; x_wconf 75' lang='lat' dir='ltr'><strong>fupr&#39;endt</strong></span> <span class='ocrx_word' id='word_1_445' title='bbox 513 3969 594 4026; x_wconf 76' lang='lat' dir='ltr'><strong>tostis,</strong></span> <span class='ocrx_word' id='word_1_446' title='bbox 613 3967 655 4014; x_wconf 76' lang='lat' dir='ltr'><strong>aad</strong></span> <span class='ocrx_word' id='word_1_447' title='bbox 672 3966 784 4025; x_wconf 77' lang='lat' dir='ltr'><strong>rapiendi</strong></span> <span class='ocrx_word' id='word_1_448' title='bbox 801 3967 846 4012; x_wconf 85' lang='lat' dir='ltr'><strong>tort</strong></span> <span class='ocrx_word' id='word_1_449' title='bbox 862 3980 935 4014; x_wconf 72' lang='lat' dir='ltr'><strong>antara</strong></span> <span class='ocrx_word' id='word_1_450' title='bbox 952 3967 1046 4015; x_wconf 69' lang='lat' dir='ltr'><strong>cessura</strong></span> <span class='ocrx_word' id='word_1_451' title='bbox 1058 3965 1149 4014; x_wconf 78' lang='lat' dir='ltr'><strong>uidear.</strong></span> 
     </span>
    </p>
   </div>
   <div class='ocr_carea' id='block_1_4' title="bbox 0 0 1390 4520">
    <p class='ocr_par' dir='ltr' id='par_1_15' title="bbox 0 0 1390 4520">
     <span class='ocr_line' id='line_1_48' title="bbox 0 0 1390 4520; baseline 0 0"><span class='ocrx_word' id='word_1_452' title='bbox 0 0 1390 4520; x_wconf 95' lang='lat' dir='ltr'><strong> </strong></span> 
     </span>
    </p>
   </div>
  </div>
 </body>
</html>
