2644 4524
234 309 295 376 112
441 307 483 360 ns
505 304 667 370 onerans,
684 307 728 358 ns.
748 305 780 358 11.
796 321 849 374 ep.
868 310 909 362 aa.
926 303 1102 374 §are-are.
1308 312 1314 362 ε

232 465 318 535 etiam
340 472 390 525 aut
405 463 495 526 testis
521 481 584 524 esse
607 473 691 542 potes
714 463 823 524 nullam
846 483 911 526 esse
928 459 1022 525 erlem
1037 462 1105 524 salis
1120 472 1177 536 aut,
1197 461 1220 522 si
1237 479 1281 538 qua
1309 378 1314 504 l

156 556 218 606 217.
232 560 284 626 est,
307 568 373 610 eam
396 559 427 610 tu
450 548 637 627 potissimum
661 567 715 609 nos
737 549 854 612 docere.
898 549 960 627 Ego
984 566 1066 618 varo,
1094 547 1197 626 inquit,
1218 546 1281 606 enni
1311 559 1320 628 j1

232 636 268 698 de
292 653 325 696 re
347 635 469 697 facetius
492 643 563 712 puto
583 651 678 712 posse·
693 633 728 694 ala
750 635 871 694 homine
893 651 956 694 non
974 633 1133 705 inurbane,
1155 651 1236 712 quam
1254 632 1280 690 dt
1311 637 1320 711 j

231 721 302 799 ipsis
318 720 427 782 facetiis
443 719 593 798 disputari.
626 721 727 797 ltaque
749 739 818 780 cum
838 719 982 799 quosdam
999 718 1279 795 Graecosinscriptos
1311 771 1312 778 ,

228 805 320 868 liltros
342 825 407 866 esse
429 805 568 866 vidissem
590 805 626 866 de
648 805 787 878 ridiculis,
808 805 982 866 nonnullam
1001 805 1033 866 in
1055 823 1141 882 spem
1163 820 1278 864 renuam
1312 849 1320 884 4

228 909 317 970 posse
340 909 387 952 me
411 909 448 950 en
465 890 501 950 iis
516 890 624 968 aliquid
639 890 768 951 discere:
790 890 1011 950 invenientem
1033 889 1157 951 ridicula
1178 897 1204 950 et
1223 888 1277 949 salsa
1319 947 1320 968 2

230 977 319 1038 multa
341 975 538 1048 Graecorum3
567 993 635 1038 nam
665 985 694 1036 et
712 976 802 1038 Siculi
828 976 860 1036 in
892 993 927 1035 eo
958 993 1066 1053 genere
1093 986 1123 1036 et
1143 973 1243 1038 Rhodii
1259 983 1277 1032 et

228 1061 358 1140 Byzantii
387 1071 416 1122 et
441 1069 556 1138 praeter
583 1072 696 1122 ceteros
718 1061 804 1122 Attici
826 1060 988 1132 excellunt3
1018 1060 1071 1122 sed
1097 1060 1150 1139 qui
1172 1060 1230 1122 eius
1248 1058 1276 1118 rei
1319 1129 1320 1134 γ

228 1148 371 1208 mdonem
400 1145 550 1222 quandam
579 1147 675 1208 conati
702 1159 772 1208 sunt
797 1156 950 1224 artemque
969 1145 1101 1217 tradere,
1130 1143 1276 1208 sicusim
1319 1223 1320 1227 Ἰ

229 1232 415 1302 exstiterunt,
450 1239 483 1292 ut
510 1231 582 1292 nihil
603 1231 681 1294 aliud
702 1249 809 1292 eorum
826 1232 883 1292 nisi
902 1231 968 1308 ipsa
988 1231 1137 1292 insulsitas
1159 1229 1275 1292 rideauu.
1319 1289 1320 1312 ,

154 1323 214 1376 218.
228 1318 293 1391 Qua
324 1335 356 1378 re
391 1316 461 1376 mild
491 1317 610 1394 quidem
641 1317 722 1378 nullo
749 1316 863 1380 videtur
890 1316 980 1378 medo
1010 1317 1145 1378 doctrina
1174 1317 1225 1378 ista
1241 1332 1275 1374 ra

227 1420 315 1481 posse
336 1401 418 1463 tradi.
463 1402 578 1462 Etenim
595 1421 664 1464 cum
685 1402 744 1462 duo
765 1419 872 1480 genera
892 1403 952 1462 sint
970 1402 1151 1474 facetiarum,
1173 1402 1276 1462 alterum
1319 1397 1320 1403 ’

228 1487 416 1564 aequabiliter
447 1486 479 1547 in
502 1487 584 1548 omni
605 1505 743 1549 sermone
765 1490 881 1559 susum,
908 1488 1034 1549 alterum
1068 1497 1236 1566 peracutum
1256 1495 1277 1542 et

228 1571 325 1646 breve,
347 1573 394 1634 illa
414 1591 429 1632 a
452 1571 599 1633 veteribus
622 1574 758 1651 superior
780 1572 931 1644 cavillatio,
957 1572 1029 1634 haec
1050 1573 1140 1634 altera
1161 1571 1275 1634 dicacitas

229 1657 378 1718 nominata
399 1667 452 1718 est.
497 1657 574 1718 Leve
594 1675 704 1718 nomen
727 1657 813 1720 habet
835 1655 1043 1735 utraquares!
1075 1657 1201 1737 quippe;
1228 1657 1274 1718 lere

151 1742 213 1793 219.
228 1744 307 1803 enirn
329 1754 373 1804 est
402 1752 496 1804 totum
517 1743 574 1802 hoc
599 1742 692 1804 risum
715 1762 842 1806 movere.
886 1743 995 1804 Verum
1018 1751 1127 1815 tamen,
1160 1753 1195 1804 ut
1213 1741 1275 1806 tica.

227 1828 352 1899 Antoni,
383 1829 509 1890 multum
538 1829 569 1889 in
594 1827 688 1889 causis
711 1847 851 1906 persaepe
873 1828 973 1906 lepore
996 1837 1025 1892 et
1057 1828 1169 1891 facetiis
1193 1825 1275 1907 proici
1319 1827 1320 1831 ’

227 1914 294 1974 vidi.
338 1914 394 1974 Sed
425 1930 493 1974 cum
524 1912 556 1972 in
583 1913 632 1976 illo
663 1931 769 1992 genere
798 1923 957 1992 perpetuae
980 1913 1141 1974 festivitatis
1163 1933 1210 1974 ars
1230 1928 1275 1971 non
1319 1930 1320 1933 ¹

227 1999 421 2060 desideretur:
443 2029 477 2042 --
503 2007 606 2059 natura
629 2000 708 2058 enim
728 1999 810 2078 tingit
831 1999 966 2058 homines
988 2007 1017 2060 et
1036 2009 1116 2062 creat
1135 1999 1277 2060 imitatores
1319 2033 1320 2040 κ

227 2095 255 2146 et
277 2094 444 2146 narratores
465 2086 573 2144 tacutos
596 2083 751 2145 adiuvante
774 2093 803 2145 et
824 2084 905 2144 voltu
927 2093 956 2144 et
977 2102 1049 2144 voce
1064 2085 1172 2164 etipse
1190 2099 1276 2164 genere
1319 2102 1320 2108 ¹

226 2219 268 2269 dcs
291 2221 314 2270 6.
337 2218 418 2268 Buchs
446 2217 528 2268 seiner
554 2221 713 2270 institutiones
741 2216 786 2268 auf
810 2217 893 2269 diesen
919 2231 1014 2282 genuen
1032 2217 1168 2269 Absclanitt
1186 2215 1277 2268 riallacl

227 2289 318 2351 Bezug.
347 2284 429 2336 Uober
441 2285 481 2337 die
494 2285 646 2352 Glicdernng
658 2285 786 2337 desselben
805 2287 858 2351 vgl.
877 2286 916 2338 die
929 2285 1154 2338 lnhaltsiibcrsiclat
1165 2287 1191 2339 S.
1208 2290 1248 2339 ltu
1258 2283 1276 2333 l.

295 2357 353 2408 217.
376 2357 470 2420 daque:
489 2353 543 2406 Uud
561 2371 597 2419 so,
619 2356 672 2405 dem
691 2355 877 2422 entsprechcnd.
908 2355 982 2406 Diese
994 2354 1109 2407 Partikel
1126 2355 1223 2408 benedt
1237 2353 1277 2404 sirl

226 2430 279 2475 erst
297 2422 343 2473 auf
360 2423 400 2473 dia
420 2423 510 2474 Worte
526 2429 560 2476 ut
577 2427 667 2476 ineunt
688 2426 844 2490 euenerunt,
862 2425 932 2473 nicht
950 2423 996 2474 aul
1010 2441 1060 2475 uon
1077 2429 1278 2486 autumentur·
1319 2463 1320 2471 ,

226 2509 348 2554 canuam,
375 2493 470 2543 nrelcho
489 2493 542 2542 dem
561 2491 644 2542 lnlralt
662 2495 725 2543 nach
742 2492 815 2543 einen
834 2493 1062 2557 untergeordneten
1082 2493 1215 2544 Gadankun
1231 2507 1277 2542 aus·
1319 2513 1320 2540 1

226 2561 337 2610 macheu.
370 2560 427 2624 Vgl.
448 2564 490 2623 28,
513 2563 573 2613 122:
602 2565 712 2626 Namque
738 2579 778 2626 epu
802 2567 849 2612 cat
878 2564 928 2613 und
956 2560 1029 2612 Tusc.
1055 2563 1118 2628 disp.
1143 2563 1171 2612 ll.
1188 2565 1225 2624 26,
1242 2563 1278 2612 m:

226 2632 312 2694 Itaque
323 2631 562 2692 temperAfrt'cunua
574 2633 722 2682 Socraticum
733 2633 913 2693 Xenophontem
931 2634 959 2681 in
973 2634 1085 2682 munibus
1097 2634 1202 2697 Medd,
1222 2631 1278 2679 uelut
1319 2665 1320 2678 ,

226 2702 255 2748 e'n
274 2701 362 2760 primia
383 2701 494 2750 laudm
517 2703 592 2761 illud,
612 2721 647 2743 =
665 2703 750 2764 ltaque
769 2703 922 2762 draconun,
944 2703 989 2764 qui
1007 2717 1100 2762 temper
1116 2703 1279 2763 Xenoptuuuu

226 2772 254 2819 iu
271 2769 382 2818 munibus
400 2770 509 2830 ilabebat,
534 2771 607 2818 huius
628 2773 656 2819 e'n
675 2771 766 2831 primia
789 2771 902 2820 laudabat
921 2773 1000 2831 t'llud5
1018 2769 1086 2822 etde.
1103 2767 1123 2822 l.
1141 2772 1183 2833 24,
1202 2771 1244 2822 di:
1263 2775 1279 2816 tt

227 2845 306 2887 tumen
324 2839 357 2888 tta
375 2837 675 2902 suutertuterropaenuee
692 2847 748 2887 eunt
765 2843 813 2890 cet.

296 2909 324 2955 de
348 2909 459 2956 rutrum
485 2927 520 2948 --·
544 2908 609 2978 περὶ
632 2908 758 2975 γελοίων.
794 2904 869 2955 Diase
887 2903 1014 2956 Scin-iiten
1039 2905 1096 2958 sind
1115 2903 1157 2957 liar
1173 2921 1214 2956 aas
1234 2917 1279 2952 aun
1319 2929 1320 2955 i

228 2977 342 3038 grdsstan
359 2973 448 3024 Thalle
468 2974 584 3025 vcrloren
604 2989 746 3039 guntrengem
771 2990 818 3024 nar
834 2989 884 3024 von
901 2973 1054 3026 Aristotcles
1072 2975 1183 3026 hesitans
1200 2973 1244 3022 wir
1259 2971 1278 3019 in

229 3044 276 3092 den
292 3041 457 3106 Fragmenten
476 3043 521 3093 der
538 3041 628 3093 Pcetik
648 3041 711 3094 noch
729 3058 750 3092 c.
770 3047 784 3096 6
805 3043 844 3094 dic
864 3041 998 3093 Definition
1016 3044 1060 3096 des
1077 3043 1256 3094 Liieltcrlichca.

296 3113 378 3162 souti.
414 3111 472 3178 Vgl.
496 3112 521 3161 in
541 3111 615 3175 Verr,
630 3109 673 3164 IV.
691 3115 733 3174 43,
753 3114 800 3164 95:
829 3128 960 3177 numquam
984 3123 1034 3164 tam
1059 3117 1120 3168 mule
1142 3123 1175 3165 ut
1197 3113 1279 3168 Subdiu

228 3183 287 3246 quin
301 3183 398 3243 aliquid
408 3181 491 3244 facete
507 3191 528 3232 et
546 3183 661 3232 mmmude
678 3184 766 3232 duent.

295 3251 380 3300 Aratu.
408 3248 465 3313 Vgl.
485 3265 521 3300 or.
543 3251 584 3310 26,
604 3251 650 3302 9⁰:
675 3253 794 3316 quicquat
816 3259 851 3301 eet
870 3253 960 3300 rubum
976 3259 1019 3301 aut
1036 3251 1132 3303 solutu
1150 3245 1279 3310 (nnette

229 3328 332 3378 erasme,
351 3321 378 3367 id
391 3322 522 3436 promzlm
539 3321 677 3370 Atticorum
696 3327 737 3382 eat,
756 3336 768 3370 a
786 3321 963 3383 quomrum
980 3335 1029 3370 uon
1047 3336 1128 3370 omnes
1139 3319 1218 3386 faceti.

295 3389 395 3438 insulsi:
414 3387 460 3436 wit
486 3403 523 3438 os.

296 3458 355 3509 218.
374 3457 536 3520 functurum,
563 3460 644 3507 etwat
669 3455 771 3520 launige
798 3453 880 3518 Rode,
905 3459 1038 3508 causaue:
1058 3453 1154 3518 lronic,
1172 3457 1282 3507 wollt:

227 3523 392 3584 Stichclrede,
412 3529 500 3587 lepore:
519 3523 618 3575 Humor.

295 3597 390 3660 quippe.
434 3592 506 3644 lliese
533 3593 654 3644 ernstlich
678 3591 858 3644 versicharnde
885 3593 945 3642 oder
969 3589 1162 3657 bekr'a'ltigendc
1185 3583 1280 3642 ruald

230 3661 374 3726 (natiirlich‚
395 3664 509 3712 varsteht
526 3661 593 3726 sich)
611 3661 689 3712 findat
706 3661 760 3712 sich
778 3659 856 3711 illiers
875 3660 900 3710 in
918 3661 1078 3723 ilntwortan,
1097 3660 1147 3711 wie
1165 3662 1194 3711 de
1205 3657 1239 3708 liu.
1254 3653 1280 3705 V·

230 3733 271 3798 28,
290 3733 337 3794 843
357 3729 387 3780 da
408 3745 461 3796 rep.
479 3730 497 3783 l.
518 3734 560 3795 39,
578 3733 625 3793 613
643 3746 668 3796 p.
687 3729 750 3782 Mur.
769 3732 810 3794 35,
828 3732 869 3796 74,
884 3729 977 3794 judoch
996 3745 1025 3780 sc
1040 3730 1090 3780 wie
1110 3729 1168 3782 hier
1183 3727 1238 3780 ancl
1253 3723 1280 3772 de

229 3799 271 3850 fin.
291 3797 333 3849 IV.
352 3801 376 3861 3,
395 3801 424 3851 t:
443 3803 490 3852 dtu
507 3805 569 3866 apuu,
589 3813 650 3865 quau
669 3809 696 3850 tu
713 3801 824 3862 breuiter,
842 3815 927 3866 repon
947 3802 1092 3862 Murrus,
1111 3803 1204 3852 muium
1218 3797 1280 3846 utun

224 3883 277 3916 seara
295 3870 429 3929 cupienten,
448 3886 463 3919 u
482 3879 504 3920 te
521 3873 617 3933 quidem
634 3885 661 3919 ue
674 3872 790 3931 rotunde,·
807 3871 902 3934 quippe,
919 3870 991 3919 lubus
1009 3872 1073 3920 euim
1090 3871 1224 3921 ructantur.

297 3945 371 3984 tutum
389 3937 439 3995 doe,
460 3936 512 4001 vgl.
528 3940 569 3999 57,
589 3939 636 3988 231
657 3936 706 3986 und
723 3939 782 3989 233.

299 4003 357 4053 219.
392 4015 538 4068 narratores,
560 4005 611 4068 vgl
631 4019 667 4060 or.
688 4007 730 4069 26,
751 4006 798 4056 st:
833 4007 916 4056 Utetur
937 4016 1046 4070 utraqu,
1073 4007 1118 4057 ua
1134 4009 1207 4058 altero
1225 4003 1248 4066 (¹⁸-
1261 4013 1279 4050 ⁴·
