<?xml version="1.0" encoding="UTF-8"?>
<!DOCTYPE html PUBLIC "-//W3C//DTD XHTML 1.0 Transitional//EN"
    "http://www.w3.org/TR/xhtml1/DTD/xhtml1-transitional.dtd">
<html xmlns="http://www.w3.org/1999/xhtml" xml:lang="en" lang="en">
 <head>
  <title>
</title>
<meta http-equiv="Content-Type" content="text/html;charset=utf-8" />
  <meta name='ocr-system' content='tesseract 3.04.00' />
  <meta name='ocr-capabilities' content='ocr_page ocr_carea ocr_par ocr_line ocrx_word'/>
</head>
<body>
  <div class='ocr_page' id='page_1' title='image "./mtulliiciceroni79cicegoog/mtulliiciceroni79cicegoog_0177.png"; bbox 0 0 2826 4520; ppageno 0'>
   <div class='ocr_carea' id='block_1_1' title="bbox 203 241 1063 334">
    <p class='ocr_par' dir='ltr' id='par_1_1' title="bbox 203 241 1063 334">
     <span class='ocr_line' id='line_1_1' title="bbox 203 241 1063 334; baseline -0.008 -13"><span class='ocrx_word' id='word_1_1' title='bbox 203 267 268 333; x_wconf 76' lang='lat'>122</span> <span class='ocrx_word' id='word_1_2' title='bbox 418 266 461 317; x_wconf 90' lang='lat' dir='ltr'>nn</span> <span class='ocrx_word' id='word_1_3' title='bbox 481 263 644 334; x_wconf 77' lang='lat' dir='ltr'>omnuim,</span> <span class='ocrx_word' id='word_1_4' title='bbox 665 263 710 316; x_wconf 85' lang='lat' dir='ltr'>m.</span> <span class='ocrx_word' id='word_1_5' title='bbox 723 262 741 316; x_wconf 90' lang='lat'>1.</span> <span class='ocrx_word' id='word_1_6' title='bbox 760 279 813 328; x_wconf 70' lang='lat' dir='ltr'>up.</span> <span class='ocrx_word' id='word_1_7' title='bbox 829 266 869 315; x_wconf 85' lang='lat'>51.</span> <span class='ocrx_word' id='word_1_8' title='bbox 889 241 1063 330; x_wconf 76' lang='lat' dir='ltr'>snm-221.</span> 
     </span>
    </p>
   </div>
   <div class='ocr_carea' id='block_1_2' title="bbox 122 418 1388 1940">
    <p class='ocr_par' dir='ltr' id='par_1_2' title="bbox 122 418 1388 1940">
     <span class='ocr_line' id='line_1_2' title="bbox 200 418 1279 499; baseline -0.001 -18"><span class='ocrx_word' id='word_1_9' title='bbox 200 422 358 483; x_wconf 90' lang='lat' dir='ltr'>hominum</span> <span class='ocrx_word' id='word_1_10' title='bbox 380 429 467 499; x_wconf 87' lang='lat' dir='ltr'>utque</span> <span class='ocrx_word' id='word_1_11' title='bbox 488 419 617 480; x_wconf 82' lang='lat' dir='ltr'>rationes</span> <span class='ocrx_word' id='word_1_12' title='bbox 640 418 757 497; x_wconf 88' lang='lat' dir='ltr'>penitus</span> <span class='ocrx_word' id='word_1_13' title='bbox 780 419 979 496; x_wconf 76' lang='lat' dir='ltr'>perspexerit,</span> <span class='ocrx_word' id='word_1_14' title='bbox 1006 420 1117 496; x_wconf 90' lang='lat' dir='ltr'>inquo</span> <span class='ocrx_word' id='word_1_15' title='bbox 1140 418 1279 496; x_wconf 87' lang='lat' dir='ltr'>philoso-</span> 
     </span>
     <span class='ocr_line' id='line_1_3' title="bbox 200 502 1278 585; baseline -0.001 -19"><span class='ocrx_word' id='word_1_16' title='bbox 200 507 269 585; x_wconf 83' lang='lat' dir='ltr'>phia</span> <span class='ocrx_word' id='word_1_17' title='bbox 291 507 328 566; x_wconf 90' lang='lat' dir='ltr'>sit</span> <span class='ocrx_word' id='word_1_18' title='bbox 354 505 462 566; x_wconf 84' lang='lat' dir='ltr'>oratori</span> <span class='ocrx_word' id='word_1_19' title='bbox 492 503 657 564; x_wconf 84' lang='lat' dir='ltr'>necessario</span> <span class='ocrx_word' id='word_1_20' title='bbox 681 502 886 582; x_wconf 86' lang='lat' dir='ltr'>percipienda;</span> <span class='ocrx_word' id='word_1_21' title='bbox 921 521 980 581; x_wconf 90' lang='lat' dir='ltr'>quo</span> <span class='ocrx_word' id='word_1_22' title='bbox 1002 503 1034 564; x_wconf 92' lang='lat' dir='ltr'>in</span> <span class='ocrx_word' id='word_1_23' title='bbox 1056 503 1153 563; x_wconf 92' lang='lat' dir='ltr'>studio</span> <span class='ocrx_word' id='word_1_24' title='bbox 1175 504 1278 565; x_wconf 91' lang='lat' dir='ltr'>homi-</span> 
     </span>
     <span class='ocr_line' id='line_1_4' title="bbox 200 587 1278 670; baseline 0 -19"><span class='ocrx_word' id='word_1_25' title='bbox 200 609 274 651; x_wconf 91' lang='lat' dir='ltr'>num</span> <span class='ocrx_word' id='word_1_26' title='bbox 290 609 409 670; x_wconf 90' lang='lat' dir='ltr'>quoque</span> <span class='ocrx_word' id='word_1_27' title='bbox 429 589 736 668; x_wconf 82' lang='lat' dir='ltr'>ingeniosissimorum</span> <span class='ocrx_word' id='word_1_28' title='bbox 754 587 1061 667; x_wconf 86' lang='lat' dir='ltr'>otiosissimorumque</span> <span class='ocrx_word' id='word_1_29' title='bbox 1075 596 1151 649; x_wconf 84' lang='lat' dir='ltr'>totns</span> <span class='ocrx_word' id='word_1_30' title='bbox 1167 598 1278 652; x_wconf 83' lang='lat' dir='ltr'>aetates</span> 
     </span>
     <span class='ocr_line' id='line_1_5' title="bbox 198 673 1277 752; baseline -0.001 -16"><span class='ocrx_word' id='word_1_31' title='bbox 198 676 334 736; x_wconf 89' lang='lat' dir='ltr'>videmus</span> <span class='ocrx_word' id='word_1_32' title='bbox 357 695 422 736; x_wconf 90' lang='lat' dir='ltr'>esse</span> <span class='ocrx_word' id='word_1_33' title='bbox 445 675 600 747; x_wconf 79' lang='lat' dir='ltr'>contritas3</span> <span class='ocrx_word' id='word_1_34' title='bbox 623 690 754 751; x_wconf 90' lang='lat' dir='ltr'>quorum</span> <span class='ocrx_word' id='word_1_35' title='bbox 778 691 831 751; x_wconf 92' lang='lat' dir='ltr'>ego</span> <span class='ocrx_word' id='word_1_36' title='bbox 849 673 964 750; x_wconf 84' lang='lat' dir='ltr'>copiam</span> <span class='ocrx_word' id='word_1_37' title='bbox 981 673 1277 752; x_wconf 84' lang='lat' dir='ltr'>magnitudinemque</span> 
     </span>
     <span class='ocr_line' id='line_1_6' title="bbox 199 758 1276 839; baseline -0.001 -18"><span class='ocrx_word' id='word_1_38' title='bbox 199 761 373 839; x_wconf 84' lang='lat' dir='ltr'>cognitionis</span> <span class='ocrx_word' id='word_1_39' title='bbox 400 769 486 838; x_wconf 84' lang='lat' dir='ltr'>atque</span> <span class='ocrx_word' id='word_1_40' title='bbox 514 760 585 819; x_wconf 72' lang='lat' dir='ltr'>ands</span> <span class='ocrx_word' id='word_1_41' title='bbox 617 776 679 818; x_wconf 92' lang='lat' dir='ltr'>non</span> <span class='ocrx_word' id='word_1_42' title='bbox 698 758 788 818; x_wconf 92' lang='lat' dir='ltr'>modo</span> <span class='ocrx_word' id='word_1_43' title='bbox 809 775 870 817; x_wconf 92' lang='lat' dir='ltr'>non</span> <span class='ocrx_word' id='word_1_44' title='bbox 900 766 1079 830; x_wconf 85' lang='lat' dir='ltr'>contemno,</span> <span class='ocrx_word' id='word_1_45' title='bbox 1113 758 1276 820; x_wconf 85' lang='lat' dir='ltr'>sedetiam</span> 
     </span>
     <span class='ocr_line' id='line_1_7' title="bbox 198 842 1275 922; baseline -0.002 -16"><span class='ocrx_word' id='word_1_46' title='bbox 198 847 388 907; x_wconf 89' lang='lat' dir='ltr'>vehementer</span> <span class='ocrx_word' id='word_1_47' title='bbox 408 845 555 916; x_wconf 86' lang='lat' dir='ltr'>admiror;</span> <span class='ocrx_word' id='word_1_48' title='bbox 582 843 667 903; x_wconf 90' lang='lat' dir='ltr'>nobis</span> <span class='ocrx_word' id='word_1_49' title='bbox 685 851 793 915; x_wconf 83' lang='lat' dir='ltr'>tomen,</span> <span class='ocrx_word' id='word_1_50' title='bbox 814 842 865 920; x_wconf 92' lang='lat' dir='ltr'>qui</span> <span class='ocrx_word' id='word_1_51' title='bbox 886 842 917 902; x_wconf 92' lang='lat' dir='ltr'>in</span> <span class='ocrx_word' id='word_1_52' title='bbox 938 843 995 902; x_wconf 92' lang='lat' dir='ltr'>hoc</span> <span class='ocrx_word' id='word_1_53' title='bbox 1011 842 1122 920; x_wconf 87' lang='lat' dir='ltr'>populo</span> <span class='ocrx_word' id='word_1_54' title='bbox 1144 845 1275 922; x_wconf 86' lang='lat' dir='ltr'>foroque</span> 
     </span>
     <span class='ocr_line' id='line_1_8' title="bbox 199 927 1388 1002; baseline -0.002 -12"><span class='ocrx_word' id='word_1_55' title='bbox 199 949 361 1002; x_wconf 87' lang='lat' dir='ltr'>versamur,</span> <span class='ocrx_word' id='word_1_56' title='bbox 383 930 452 991; x_wconf 82' lang='lat' dir='ltr'>satis</span> <span class='ocrx_word' id='word_1_57' title='bbox 475 935 520 988; x_wconf 90' lang='lat' dir='ltr'>est</span> <span class='ocrx_word' id='word_1_58' title='bbox 539 946 572 988; x_wconf 83' lang='lat' dir='ltr'>eu</span> <span class='ocrx_word' id='word_1_59' title='bbox 593 927 629 988; x_wconf 92' lang='lat' dir='ltr'>de</span> <span class='ocrx_word' id='word_1_60' title='bbox 653 927 781 987; x_wconf 90' lang='lat' dir='ltr'>motibus</span> <span class='ocrx_word' id='word_1_61' title='bbox 802 927 968 987; x_wconf 84' lang='lat' dir='ltr'>animorum</span> <span class='ocrx_word' id='word_1_62' title='bbox 987 935 1016 988; x_wconf 92' lang='lat' dir='ltr'>et</span> <span class='ocrx_word' id='word_1_63' title='bbox 1031 927 1106 987; x_wconf 89' lang='lat' dir='ltr'>scire</span> <span class='ocrx_word' id='word_1_64' title='bbox 1123 936 1151 987; x_wconf 90' lang='lat' dir='ltr'>et</span> <span class='ocrx_word' id='word_1_65' title='bbox 1166 928 1276 1002; x_wconf 92' lang='lat' dir='ltr'>dicere,</span> <span class='ocrx_word' id='word_1_66' title='bbox 1383 969 1388 976; x_wconf 88' lang='lat'><em>-</em></span> 
     </span>
     <span class='ocr_line' id='line_1_9' title="bbox 122 1011 1274 1094; baseline -0.001 -20"><span class='ocrx_word' id='word_1_67' title='bbox 122 1023 185 1076; x_wconf 80' lang='grc'><strong>220.</strong></span> <span class='ocrx_word' id='word_1_68' title='bbox 200 1034 274 1094; x_wconf 84' lang='lat' dir='ltr'>quae</span> <span class='ocrx_word' id='word_1_69' title='bbox 302 1033 363 1076; x_wconf 92' lang='lat' dir='ltr'>non</span> <span class='ocrx_word' id='word_1_70' title='bbox 386 1015 547 1074; x_wconf 87' lang='lat' dir='ltr'>abhorrent</span> <span class='ocrx_word' id='word_1_71' title='bbox 574 1011 610 1072; x_wconf 80' lang='lat' dir='ltr'>ab</span> <span class='ocrx_word' id='word_1_72' title='bbox 634 1013 792 1072; x_wconf 89' lang='lat' dir='ltr'>hominum</span> <span class='ocrx_word' id='word_1_73' title='bbox 817 1011 960 1072; x_wconf 90' lang='lat' dir='ltr'>moribus.</span> <span class='ocrx_word' id='word_1_74' title='bbox 1004 1011 1077 1085; x_wconf 82' lang='lat' dir='ltr'>Quis</span> <span class='ocrx_word' id='word_1_75' title='bbox 1099 1011 1180 1072; x_wconf 88' lang='lat' dir='ltr'>enim</span> <span class='ocrx_word' id='word_1_76' title='bbox 1202 1031 1274 1073; x_wconf 92' lang='lat' dir='ltr'>um-</span> 
     </span>
     <span class='ocr_line' id='line_1_10' title="bbox 200 1096 1276 1180; baseline -0.001 -20"><span class='ocrx_word' id='word_1_77' title='bbox 200 1119 288 1180; x_wconf 84' lang='lat' dir='ltr'>quam</span> <span class='ocrx_word' id='word_1_78' title='bbox 311 1107 410 1160; x_wconf 83' lang='lat' dir='ltr'>orator</span> <span class='ocrx_word' id='word_1_79' title='bbox 432 1115 556 1176; x_wconf 85' lang='lat' dir='ltr'>magnus</span> <span class='ocrx_word' id='word_1_80' title='bbox 571 1106 599 1157; x_wconf 92' lang='lat' dir='ltr'>et</span> <span class='ocrx_word' id='word_1_81' title='bbox 614 1097 718 1175; x_wconf 83' lang='lat' dir='ltr'>gravis,</span> <span class='ocrx_word' id='word_1_82' title='bbox 744 1114 812 1158; x_wconf 90' lang='lat' dir='ltr'>cum</span> <span class='ocrx_word' id='word_1_83' title='bbox 829 1097 937 1157; x_wconf 85' lang='lat' dir='ltr'>iratum</span> <span class='ocrx_word' id='word_1_84' title='bbox 959 1096 1126 1157; x_wconf 85' lang='lat' dir='ltr'>adversario</span> <span class='ocrx_word' id='word_1_85' title='bbox 1143 1096 1276 1159; x_wconf 90' lang='lat' dir='ltr'>iudicem</span> 
     </span>
     <span class='ocr_line' id='line_1_11' title="bbox 199 1181 1275 1260; baseline -0.002 -15"><span class='ocrx_word' id='word_1_86' title='bbox 199 1188 295 1245; x_wconf 85' lang='lat' dir='ltr'>facere</span> <span class='ocrx_word' id='word_1_87' title='bbox 317 1185 416 1256; x_wconf 89' lang='lat' dir='ltr'>vellet,</span> <span class='ocrx_word' id='word_1_88' title='bbox 447 1182 597 1242; x_wconf 74' lang='lat' dir='ltr'>haesitavit</span> <span class='ocrx_word' id='word_1_89' title='bbox 619 1181 657 1241; x_wconf 90' lang='lat' dir='ltr'>ob</span> <span class='ocrx_word' id='word_1_90' title='bbox 679 1199 743 1242; x_wconf 84' lang='lat' dir='ltr'>cani</span> <span class='ocrx_word' id='word_1_91' title='bbox 766 1199 901 1258; x_wconf 84' lang='lat' dir='ltr'>oausam,</span> <span class='ocrx_word' id='word_1_92' title='bbox 930 1182 1010 1259; x_wconf 90' lang='lat' dir='ltr'>quod</span> <span class='ocrx_word' id='word_1_93' title='bbox 1033 1181 1176 1254; x_wconf 88' lang='lat' dir='ltr'>nesciret,</span> <span class='ocrx_word' id='word_1_94' title='bbox 1200 1183 1275 1260; x_wconf 88' lang='lat' dir='ltr'>quid</span> 
     </span>
     <span class='ocr_line' id='line_1_12' title="bbox 198 1261 1276 1344; baseline -0.002 -14"><span class='ocrx_word' id='word_1_95' title='bbox 198 1279 276 1330; x_wconf 87' lang='lat' dir='ltr'>esset</span> <span class='ocrx_word' id='word_1_96' title='bbox 296 1267 456 1339; x_wconf 79' lang='lat' dir='ltr'>iracundia,</span> <span class='ocrx_word' id='word_1_97' title='bbox 478 1269 617 1326; x_wconf 83' lang='lat' dir='ltr'>fervorne</span> <span class='ocrx_word' id='word_1_98' title='bbox 641 1261 747 1326; x_wconf 87' lang='lat' dir='ltr'>mentis</span> <span class='ocrx_word' id='word_1_99' title='bbox 762 1284 798 1325; x_wconf 83' lang='lat' dir='ltr'>un</span> <span class='ocrx_word' id='word_1_100' title='bbox 820 1265 962 1344; x_wconf 75' lang='lat' dir='ltr'>cupiditas</span> <span class='ocrx_word' id='word_1_101' title='bbox 977 1266 1121 1344; x_wconf 90' lang='lat' dir='ltr'>puniendi</span> <span class='ocrx_word' id='word_1_102' title='bbox 1136 1264 1276 1328; x_wconf 80' lang='lat' dir='ltr'>doloris?</span> 
     </span>
     <span class='ocr_line' id='line_1_13' title="bbox 198 1350 1273 1430; baseline 0 -18"><span class='ocrx_word' id='word_1_103' title='bbox 198 1354 280 1426; x_wconf 81' lang='lat' dir='ltr'>Quis,</span> <span class='ocrx_word' id='word_1_104' title='bbox 313 1371 381 1412; x_wconf 90' lang='lat' dir='ltr'>cum</span> <span class='ocrx_word' id='word_1_105' title='bbox 404 1359 516 1412; x_wconf 87' lang='lat' dir='ltr'>ceteros</span> <span class='ocrx_word' id='word_1_106' title='bbox 537 1351 704 1411; x_wconf 87' lang='lat' dir='ltr'>animorum</span> <span class='ocrx_word' id='word_1_107' title='bbox 728 1359 826 1410; x_wconf 88' lang='lat' dir='ltr'>motus</span> <span class='ocrx_word' id='word_1_108' title='bbox 847 1360 897 1412; x_wconf 86' lang='lat' dir='ltr'>aut</span> <span class='ocrx_word' id='word_1_109' title='bbox 917 1350 1063 1412; x_wconf 91' lang='lat' dir='ltr'>iudicibus</span> <span class='ocrx_word' id='word_1_110' title='bbox 1085 1360 1136 1412; x_wconf 83' lang='lat' dir='ltr'>aut</span> <span class='ocrx_word' id='word_1_111' title='bbox 1159 1353 1273 1430; x_wconf 93' lang='lat' dir='ltr'>populo</span> 
     </span>
     <span class='ocr_line' id='line_1_14' title="bbox 198 1435 1273 1514; baseline 0 -18"><span class='ocrx_word' id='word_1_112' title='bbox 198 1437 324 1497; x_wconf 93' lang='lat' dir='ltr'>dicendo</span> <span class='ocrx_word' id='word_1_113' title='bbox 344 1437 467 1497; x_wconf 90' lang='lat' dir='ltr'>miscere</span> <span class='ocrx_word' id='word_1_114' title='bbox 488 1445 577 1514; x_wconf 83' lang='lat' dir='ltr'>atque</span> <span class='ocrx_word' id='word_1_115' title='bbox 598 1436 706 1514; x_wconf 80' lang='lat' dir='ltr'>agitare</span> <span class='ocrx_word' id='word_1_116' title='bbox 728 1436 828 1507; x_wconf 90' lang='lat' dir='ltr'>vellet,</span> <span class='ocrx_word' id='word_1_117' title='bbox 858 1454 892 1495; x_wconf 83' lang='lat' dir='ltr'>ea</span> <span class='ocrx_word' id='word_1_118' title='bbox 920 1435 1007 1508; x_wconf 84' lang='lat' dir='ltr'>dixit,</span> <span class='ocrx_word' id='word_1_119' title='bbox 1036 1453 1110 1513; x_wconf 84' lang='lat' dir='ltr'>quae</span> <span class='ocrx_word' id='word_1_120' title='bbox 1133 1455 1149 1496; x_wconf 83' lang='lat' dir='ltr'>a</span> <span class='ocrx_word' id='word_1_121' title='bbox 1171 1435 1273 1514; x_wconf 87' lang='lat' dir='ltr'>philo·-</span> 
     </span>
     <span class='ocr_line' id='line_1_15' title="bbox 197 1517 1273 1599; baseline 0.001 -17"><span class='ocrx_word' id='word_1_122' title='bbox 197 1522 299 1599; x_wconf 90' lang='lat' dir='ltr'>sophis</span> <span class='ocrx_word' id='word_1_123' title='bbox 322 1521 379 1582; x_wconf 88' lang='lat' dir='ltr'>dici</span> <span class='ocrx_word' id='word_1_124' title='bbox 401 1517 520 1582; x_wconf 78' lang='lat' dir='ltr'>solent?</span> <span class='ocrx_word' id='word_1_125' title='bbox 543 1521 593 1598; x_wconf 91' lang='lat' dir='ltr'>qui</span> <span class='ocrx_word' id='word_1_126' title='bbox 613 1519 719 1598; x_wconf 85' lang='lat' dir='ltr'>partim</span> <span class='ocrx_word' id='word_1_127' title='bbox 741 1519 864 1580; x_wconf 89' lang='lat' dir='ltr'>omnino</span> <span class='ocrx_word' id='word_1_128' title='bbox 882 1528 980 1581; x_wconf 91' lang='lat' dir='ltr'>motus</span> <span class='ocrx_word' id='word_1_129' title='bbox 997 1529 1103 1598; x_wconf 86' lang='lat' dir='ltr'>negant</span> <span class='ocrx_word' id='word_1_130' title='bbox 1117 1521 1148 1580; x_wconf 92' lang='lat' dir='ltr'>in</span> <span class='ocrx_word' id='word_1_131' title='bbox 1163 1521 1273 1583; x_wconf 90' lang='lat' dir='ltr'>animis</span> 
     </span>
     <span class='ocr_line' id='line_1_16' title="bbox 197 1604 1273 1683; baseline 0.002 -17"><span class='ocrx_word' id='word_1_132' title='bbox 197 1607 273 1666; x_wconf 89' lang='lat' dir='ltr'>ullos</span> <span class='ocrx_word' id='word_1_133' title='bbox 297 1625 360 1666; x_wconf 87' lang='lat' dir='ltr'>esse</span> <span class='ocrx_word' id='word_1_134' title='bbox 381 1606 503 1678; x_wconf 86' lang='lat' dir='ltr'>debere,</span> <span class='ocrx_word' id='word_1_135' title='bbox 526 1606 635 1683; x_wconf 90' lang='lat' dir='ltr'>quique</span> <span class='ocrx_word' id='word_1_136' title='bbox 658 1624 709 1666; x_wconf 92' lang='lat' dir='ltr'>eos</span> <span class='ocrx_word' id='word_1_137' title='bbox 726 1605 759 1664; x_wconf 89' lang='lat' dir='ltr'>in</span> <span class='ocrx_word' id='word_1_138' title='bbox 779 1604 922 1665; x_wconf 93' lang='lat' dir='ltr'>iudicium</span> <span class='ocrx_word' id='word_1_139' title='bbox 940 1604 1089 1665; x_wconf 88' lang='lat' dir='ltr'>mentibus</span> <span class='ocrx_word' id='word_1_140' title='bbox 1112 1605 1273 1680; x_wconf 91' lang='lat' dir='ltr'>concitent,</span> 
     </span>
     <span class='ocr_line' id='line_1_17' title="bbox 197 1688 1272 1768; baseline 0.001 -17"><span class='ocrx_word' id='word_1_141' title='bbox 197 1691 292 1751; x_wconf 90' lang='lat' dir='ltr'>scelus</span> <span class='ocrx_word' id='word_1_142' title='bbox 314 1710 366 1751; x_wconf 90' lang='lat' dir='ltr'>eos</span> <span class='ocrx_word' id='word_1_143' title='bbox 385 1691 531 1751; x_wconf 83' lang='lat' dir='ltr'>netarium</span> <span class='ocrx_word' id='word_1_144' title='bbox 550 1694 662 1762; x_wconf 82' lang='lat' dir='ltr'>incere3</span> <span class='ocrx_word' id='word_1_145' title='bbox 699 1688 820 1768; x_wconf 83' lang='lat' dir='ltr'>partim,</span> <span class='ocrx_word' id='word_1_146' title='bbox 851 1690 903 1768; x_wconf 85' lang='lat' dir='ltr'>qui</span> <span class='ocrx_word' id='word_1_147' title='bbox 931 1689 1140 1750; x_wconf 83' lang='lat' dir='ltr'>tolerabiliores</span> <span class='ocrx_word' id='word_1_148' title='bbox 1165 1691 1272 1752; x_wconf 90' lang='lat' dir='ltr'>volunt</span> 
     </span>
     <span class='ocr_line' id='line_1_18' title="bbox 198 1774 1271 1854; baseline 0 -18"><span class='ocrx_word' id='word_1_149' title='bbox 198 1795 263 1836; x_wconf 91' lang='lat' dir='ltr'>esse</span> <span class='ocrx_word' id='word_1_150' title='bbox 285 1784 314 1836; x_wconf 92' lang='lat' dir='ltr'>et</span> <span class='ocrx_word' id='word_1_151' title='bbox 337 1776 372 1836; x_wconf 85' lang='lat' dir='ltr'>ad</span> <span class='ocrx_word' id='word_1_152' title='bbox 393 1776 544 1837; x_wconf 83' lang='lat' dir='ltr'>veritatem</span> <span class='ocrx_word' id='word_1_153' title='bbox 565 1776 637 1836; x_wconf 82' lang='lat' dir='ltr'>vitae</span> <span class='ocrx_word' id='word_1_154' title='bbox 660 1775 783 1853; x_wconf 91' lang='lat' dir='ltr'>propius</span> <span class='ocrx_word' id='word_1_155' title='bbox 810 1775 968 1846; x_wconf 84' lang='lat' dir='ltr'>accedere,</span> <span class='ocrx_word' id='word_1_156' title='bbox 1002 1774 1214 1854; x_wconf 87' lang='lat' dir='ltr'>permediocris</span> <span class='ocrx_word' id='word_1_157' title='bbox 1236 1795 1271 1836; x_wconf 83' lang='lat' dir='ltr'>ac</span> 
     </span>
     <span class='ocr_line' id='line_1_19' title="bbox 122 1858 1273 1940; baseline 0.003 -21"><span class='ocrx_word' id='word_1_158' title='bbox 122 1869 184 1921; x_wconf 87' lang='grc'><strong>221.</strong></span> <span class='ocrx_word' id='word_1_159' title='bbox 197 1862 295 1940; x_wconf 91' lang='lat' dir='ltr'>potius</span> <span class='ocrx_word' id='word_1_160' title='bbox 315 1862 388 1921; x_wconf 90' lang='lat' dir='ltr'>levis</span> <span class='ocrx_word' id='word_1_161' title='bbox 410 1870 508 1922; x_wconf 90' lang='lat' dir='ltr'>motus</span> <span class='ocrx_word' id='word_1_162' title='bbox 530 1860 638 1920; x_wconf 89' lang='lat' dir='ltr'>debere</span> <span class='ocrx_word' id='word_1_163' title='bbox 664 1878 728 1920; x_wconf 88' lang='lat' dir='ltr'>esse</span> <span class='ocrx_word' id='word_1_164' title='bbox 757 1858 866 1919; x_wconf 90' lang='lat' dir='ltr'>dicunt.</span> <span class='ocrx_word' id='word_1_165' title='bbox 917 1859 1022 1919; x_wconf 82' lang='lat' dir='ltr'>Orator</span> <span class='ocrx_word' id='word_1_166' title='bbox 1049 1868 1146 1920; x_wconf 85' lang='lat' dir='ltr'>autem</span> <span class='ocrx_word' id='word_1_167' title='bbox 1169 1861 1273 1922; x_wconf 83' lang='lat' dir='ltr'>omnia</span> 
     </span>
    </p>
   </div>
   <div class='ocr_carea' id='block_1_3' title="bbox 189 2024 1274 4008">
    <p class='ocr_par' dir='ltr' id='par_1_3' title="bbox 265 2024 872 2090">
     <span class='ocr_line' id='line_1_20' title="bbox 265 2024 872 2090; baseline -0.008 -9"><span class='ocrx_word' id='word_1_168' title='bbox 265 2035 382 2081; x_wconf 72' lang='lat' dir='ltr'>rationes:</span> <span class='ocrx_word' id='word_1_169' title='bbox 400 2025 686 2090; x_wconf 80' lang='lat' dir='ltr'>Auschouungswcisen,</span> <span class='ocrx_word' id='word_1_170' title='bbox 706 2024 872 2076; x_wconf 84' lang='lat' dir='ltr'>Grundsiitzo.</span> 
     </span>
    </p>

    <p class='ocr_par' dir='ltr' id='par_1_4' title="bbox 261 2095 749 2160">
     <span class='ocr_line' id='line_1_21' title="bbox 261 2095 749 2160; baseline -0.004 -11"><span class='ocrx_word' id='word_1_171' title='bbox 261 2102 362 2160; x_wconf 80' lang='lat' dir='ltr'>penitere</span> <span class='ocrx_word' id='word_1_172' title='bbox 378 2096 535 2160; x_wconf 69' lang='lat' dir='ltr'>perspexerit,</span> <span class='ocrx_word' id='word_1_173' title='bbox 554 2095 603 2158; x_wconf 79' lang='lat' dir='ltr'>vgl.</span> <span class='ocrx_word' id='word_1_174' title='bbox 623 2110 644 2145; x_wconf 86' lang='lat' dir='ltr'>z.</span> <span class='ocrx_word' id='word_1_175' title='bbox 664 2097 687 2157; x_wconf 87' lang='lat' dir='ltr'>b,</span> <span class='ocrx_word' id='word_1_176' title='bbox 709 2098 749 2148; x_wconf 80' lang='lat'>17.</span> 
     </span>
    </p>

    <p class='ocr_par' dir='ltr' id='par_1_5' title="bbox 265 2163 728 2230">
     <span class='ocr_line' id='line_1_22' title="bbox 265 2163 728 2230; baseline -0.006 -13"><span class='ocrx_word' id='word_1_177' title='bbox 265 2170 293 2217; x_wconf 85' lang='lat' dir='ltr'>in</span> <span class='ocrx_word' id='word_1_178' title='bbox 311 2183 367 2230; x_wconf 81' lang='lat' dir='ltr'>qao,</span> <span class='ocrx_word' id='word_1_179' title='bbox 387 2163 438 2228; x_wconf 85' lang='lat' dir='ltr'>vgl.</span> <span class='ocrx_word' id='word_1_180' title='bbox 457 2166 499 2227; x_wconf 88' lang='grc'>20,</span> <span class='ocrx_word' id='word_1_181' title='bbox 520 2164 567 2216; x_wconf 81' lang='lat'>93:</span> <span class='ocrx_word' id='word_1_182' title='bbox 585 2167 612 2212; x_wconf 84' lang='lat' dir='ltr'>in</span> <span class='ocrx_word' id='word_1_183' title='bbox 631 2165 728 2226; x_wconf 71' lang='lat' dir='ltr'>quirun</span> 
     </span>
    </p>

    <p class='ocr_par' dir='ltr' id='par_1_6' title="bbox 191 2229 1274 2368">
     <span class='ocr_line' id='line_1_23' title="bbox 266 2229 1274 2298; baseline -0.001 -13"><span class='ocrx_word' id='word_1_184' title='bbox 266 2251 359 2298; x_wconf 80' lang='lat' dir='ltr'>qnoque</span> <span class='ocrx_word' id='word_1_185' title='bbox 381 2234 472 2297; x_wconf 73' lang='lat' dir='ltr'>gehirt</span> <span class='ocrx_word' id='word_1_186' title='bbox 496 2246 551 2280; x_wconf 87' lang='lat' dir='ltr'>zum</span> <span class='ocrx_word' id='word_1_187' title='bbox 571 2229 699 2281; x_wconf 75' lang='lat' dir='ltr'>Pridicat.</span> <span class='ocrx_word' id='word_1_188' title='bbox 741 2230 792 2281; x_wconf 89' lang='lat' dir='ltr'>Dor</span> <span class='ocrx_word' id='word_1_189' title='bbox 810 2230 1023 2294; x_wconf 82' lang='lat' dir='ltr'>Zmammenhong</span> <span class='ocrx_word' id='word_1_190' title='bbox 1040 2231 1088 2281; x_wconf 88' lang='lat' dir='ltr'>ist:</span> <span class='ocrx_word' id='word_1_191' title='bbox 1119 2249 1147 2283; x_wconf 88' lang='lat' dir='ltr'>ac</span> <span class='ocrx_word' id='word_1_192' title='bbox 1163 2236 1274 2284; x_wconf 77' lang='lat' dir='ltr'>oidemm</span> 
     </span>
     <span class='ocr_line' id='line_1_24' title="bbox 191 2303 732 2368; baseline -0.011 -14"><span class='ocrx_word' id='word_1_193' title='bbox 191 2320 291 2368; x_wconf 71' lang='lat' dir='ltr'>quoque</span> <span class='ocrx_word' id='word_1_194' title='bbox 309 2307 336 2352; x_wconf 87' lang='lat' dir='ltr'>in</span> <span class='ocrx_word' id='word_1_195' title='bbox 357 2317 383 2352; x_wconf 83' lang='lat' dir='ltr'>eo</span> <span class='ocrx_word' id='word_1_196' title='bbox 401 2304 479 2352; x_wconf 74' lang='lat' dir='ltr'>studio</span> <span class='ocrx_word' id='word_1_197' title='bbox 498 2326 530 2335; x_wconf 88' lang='lat'>-</span> <span class='ocrx_word' id='word_1_198' title='bbox 548 2316 595 2350; x_wconf 83' lang='lat' dir='ltr'>esee</span> <span class='ocrx_word' id='word_1_199' title='bbox 612 2303 732 2349; x_wconf 68' lang='lat' dir='ltr'>connitor.</span> 
     </span>
    </p>

    <p class='ocr_par' dir='ltr' id='par_1_7' title="bbox 266 2368 819 2436">
     <span class='ocr_line' id='line_1_25' title="bbox 266 2368 819 2436; baseline -0.009 -15"><span class='ocrx_word' id='word_1_200' title='bbox 266 2387 370 2436; x_wconf 78' lang='lat' dir='ltr'>quornm</span> <span class='ocrx_word' id='word_1_201' title='bbox 390 2386 438 2434; x_wconf 80' lang='lat' dir='ltr'>epo,</span> <span class='ocrx_word' id='word_1_202' title='bbox 460 2368 510 2431; x_wconf 91' lang='lat' dir='ltr'>vgl.</span> <span class='ocrx_word' id='word_1_203' title='bbox 529 2383 551 2418; x_wconf 89' lang='lat' dir='ltr'>z.</span> <span class='ocrx_word' id='word_1_204' title='bbox 574 2370 613 2430; x_wconf 87' lang='grc'><strong>11,</strong></span> <span class='ocrx_word' id='word_1_205' title='bbox 632 2369 678 2430; x_wconf 86' lang='grc'>16;</span> <span class='ocrx_word' id='word_1_206' title='bbox 698 2369 738 2430; x_wconf 85' lang='grc'>32,</span> <span class='ocrx_word' id='word_1_207' title='bbox 762 2369 819 2420; x_wconf 83' lang='grc'><strong>145.</strong></span> 
     </span>
    </p>

    <p class='ocr_par' dir='ltr' id='par_1_8' title="bbox 266 2435 919 2502">
     <span class='ocr_line' id='line_1_26' title="bbox 266 2435 919 2502; baseline -0.006 -14"><span class='ocrx_word' id='word_1_208' title='bbox 266 2441 408 2502; x_wconf 73' lang='lat' dir='ltr'>cognitionis</span> <span class='ocrx_word' id='word_1_209' title='bbox 426 2447 496 2500; x_wconf 79' lang='lat' dir='ltr'>atque</span> <span class='ocrx_word' id='word_1_210' title='bbox 515 2439 584 2497; x_wconf 86' lang='lat' dir='ltr'>artie,</span> <span class='ocrx_word' id='word_1_211' title='bbox 605 2435 657 2499; x_wconf 89' lang='lat' dir='ltr'>vgl.</span> <span class='ocrx_word' id='word_1_212' title='bbox 678 2451 700 2485; x_wconf 89' lang='lat' dir='ltr'>z.</span> <span class='ocrx_word' id='word_1_213' title='bbox 718 2438 760 2498; x_wconf 76' lang='lat'>25,</span> <span class='ocrx_word' id='word_1_214' title='bbox 783 2436 844 2488; x_wconf 83' lang='lat'>114:</span> <span class='ocrx_word' id='word_1_215' title='bbox 862 2439 919 2485; x_wconf 86' lang='lat' dir='ltr'>orie.</span> 
     </span>
    </p>

    <p class='ocr_par' dir='ltr' id='par_1_9' title="bbox 189 2503 1270 2703">
     <span class='ocr_line' id='line_1_27' title="bbox 267 2503 1270 2568; baseline 0.001 -13"><span class='ocrx_word' id='word_1_216' title='bbox 267 2510 293 2555; x_wconf 86' lang='lat' dir='ltr'>in</span> <span class='ocrx_word' id='word_1_217' title='bbox 312 2509 355 2556; x_wconf 78' lang='lat' dir='ltr'>boe</span> <span class='ocrx_word' id='word_1_218' title='bbox 369 2510 473 2567; x_wconf 85' lang='lat' dir='ltr'>populo,</span> <span class='ocrx_word' id='word_1_219' title='bbox 499 2504 550 2568; x_wconf 85' lang='lat' dir='ltr'>vgl.</span> <span class='ocrx_word' id='word_1_220' title='bbox 568 2503 598 2554; x_wconf 88' lang='grc' dir='ltr'>ΙΙ.</span> <span class='ocrx_word' id='word_1_221' title='bbox 619 2506 641 2566; x_wconf 93' lang='grc'><strong>1,</strong></span> <span class='ocrx_word' id='word_1_222' title='bbox 660 2506 689 2556; x_wconf 80' lang='lat'>4:</span> <span class='ocrx_word' id='word_1_223' title='bbox 726 2507 851 2555; x_wconf 82' lang='lat' dir='ltr'>Antoniae</span> <span class='ocrx_word' id='word_1_224' title='bbox 869 2514 948 2556; x_wconf 86' lang='lat' dir='ltr'>autern</span> <span class='ocrx_word' id='word_1_225' title='bbox 964 2507 1149 2566; x_wconf 73' lang='lat' dir='ltr'>probabiliorem</span> <span class='ocrx_word' id='word_1_226' title='bbox 1165 2508 1209 2557; x_wconf 83' lang='lat' dir='ltr'>boe</span> <span class='ocrx_word' id='word_1_227' title='bbox 1221 2523 1270 2568; x_wconf 88' lang='lat' dir='ltr'>po-</span> 
     </span>
     <span class='ocr_line' id='line_1_28' title="bbox 189 2575 1270 2639; baseline 0.002 -15"><span class='ocrx_word' id='word_1_228' title='bbox 189 2578 253 2636; x_wconf 82' lang='lat' dir='ltr'>pulo</span> <span class='ocrx_word' id='word_1_229' title='bbox 271 2578 401 2624; x_wconf 74' lang='lat' dir='ltr'>orationem</span> <span class='ocrx_word' id='word_1_230' title='bbox 411 2575 472 2637; x_wconf 89' lang='lat' dir='ltr'>sore</span> <span class='ocrx_word' id='word_1_231' title='bbox 489 2575 595 2624; x_wconf 79' lang='lat' dir='ltr'>eernebat</span> <span class='ocrx_word' id='word_1_232' title='bbox 610 2588 686 2637; x_wconf 79' lang='lat' dir='ltr'>naam,</span> <span class='ocrx_word' id='word_1_233' title='bbox 704 2576 728 2623; x_wconf 79' lang='lat' dir='ltr'>oi</span> <span class='ocrx_word' id='word_1_234' title='bbox 739 2577 836 2624; x_wconf 86' lang='lat' dir='ltr'>omnino</span> <span class='ocrx_word' id='word_1_235' title='bbox 855 2576 966 2624; x_wconf 57' lang='lat' dir='ltr'>dunione</span> <span class='ocrx_word' id='word_1_236' title='bbox 978 2589 1110 2639; x_wconf 72' lang='lat' dir='ltr'>numnquam</span> <span class='ocrx_word' id='word_1_237' title='bbox 1120 2584 1270 2638; x_wconf 82' lang='lat' dir='ltr'>putarmnr;</span> 
     </span>
     <span class='ocr_line' id='line_1_29' title="bbox 197 2643 402 2703; baseline 0.01 -11"><span class='ocrx_word' id='word_1_238' title='bbox 197 2643 264 2693; x_wconf 84' lang='lat' dir='ltr'>ebds.</span> <span class='ocrx_word' id='word_1_239' title='bbox 286 2643 402 2703; x_wconf 80' lang='lat'>36,153.</span> 
     </span>
    </p>

    <p class='ocr_par' dir='ltr' id='par_1_10' title="bbox 191 2705 1269 3118">
     <span class='ocr_line' id='line_1_30' title="bbox 265 2705 1268 2776; baseline 0.001 -15"><span class='ocrx_word' id='word_1_240' title='bbox 265 2713 373 2762; x_wconf 79' lang='lat' dir='ltr'>metibor.</span> <span class='ocrx_word' id='word_1_241' title='bbox 407 2708 482 2760; x_wconf 87' lang='lat' dir='ltr'>Dieso</span> <span class='ocrx_word' id='word_1_242' title='bbox 499 2707 574 2760; x_wconf 84' lang='lat' dir='ltr'>Form</span> <span class='ocrx_word' id='word_1_243' title='bbox 598 2725 647 2758; x_wconf 89' lang='lat' dir='ltr'>von</span> <span class='ocrx_word' id='word_1_244' title='bbox 677 2705 756 2764; x_wconf 79' lang='lat' dir='ltr'>metue</span> <span class='ocrx_word' id='word_1_245' title='bbox 781 2709 816 2760; x_wconf 81' lang='lat' dir='ltr'>ist</span> <span class='ocrx_word' id='word_1_246' title='bbox 839 2707 880 2759; x_wconf 88' lang='lat' dir='ltr'>boi</span> <span class='ocrx_word' id='word_1_247' title='bbox 897 2707 948 2760; x_wconf 89' lang='lat' dir='ltr'>Cic.</span> <span class='ocrx_word' id='word_1_248' title='bbox 974 2709 1045 2759; x_wconf 83' lang='lat' dir='ltr'>nicht</span> <span class='ocrx_word' id='word_1_249' title='bbox 1064 2709 1268 2776; x_wconf 83' lang='lat' dir='ltr'>ungewiilmlich,</span> 
     </span>
     <span class='ocr_line' id='line_1_31' title="bbox 197 2777 1269 2844; baseline 0.003 -16"><span class='ocrx_word' id='word_1_250' title='bbox 197 2780 248 2844; x_wconf 81' lang='lat' dir='ltr'>ng</span> <span class='ocrx_word' id='word_1_251' title='bbox 267 2780 297 2829; x_wconf 86' lang='lat' dir='ltr'>de</span> <span class='ocrx_word' id='word_1_252' title='bbox 315 2779 383 2833; x_wconf 77' lang='lat' dir='ltr'>door,</span> <span class='ocrx_word' id='word_1_253' title='bbox 402 2795 425 2833; x_wconf 89' lang='lat' dir='ltr'>n.</span> <span class='ocrx_word' id='word_1_254' title='bbox 444 2777 485 2829; x_wconf 90' lang='lat' dir='ltr'>Ill.</span> <span class='ocrx_word' id='word_1_255' title='bbox 510 2780 549 2844; x_wconf 89' lang='grc'><strong>11,</strong></span> <span class='ocrx_word' id='word_1_256' title='bbox 569 2780 615 2830; x_wconf 77' lang='lat'>27:</span> <span class='ocrx_word' id='word_1_257' title='bbox 633 2788 735 2830; x_wconf 70' lang='lat' dir='ltr'>marae</span> <span class='ocrx_word' id='word_1_258' title='bbox 753 2805 787 2814; x_wconf 94' lang='lat'>-·</span> <span class='ocrx_word' id='word_1_259' title='bbox 805 2781 886 2829; x_wconf 86' lang='lat' dir='ltr'>omnia</span> <span class='ocrx_word' id='word_1_260' title='bbox 902 2781 985 2830; x_wconf 79' lang='lat' dir='ltr'>er&#39;erttie</span> <span class='ocrx_word' id='word_1_261' title='bbox 996 2787 1019 2829; x_wconf 87' lang='lat' dir='ltr'>et</span> <span class='ocrx_word' id='word_1_262' title='bbox 1031 2781 1147 2843; x_wconf 73' lang='lat' dir='ltr'>agitaretis</span> <span class='ocrx_word' id='word_1_263' title='bbox 1163 2782 1269 2831; x_wconf 71' lang='lat' dir='ltr'>motibus</span> 
     </span>
     <span class='ocr_line' id='line_1_32' title="bbox 191 2845 1268 2911; baseline 0.002 -13"><span class='ocrx_word' id='word_1_264' title='bbox 191 2857 218 2898; x_wconf 82' lang='lat' dir='ltr'>et</span> <span class='ocrx_word' id='word_1_265' title='bbox 235 2851 406 2900; x_wconf 81' lang='lat' dir='ltr'>mutationibne</span> <span class='ocrx_word' id='word_1_266' title='bbox 425 2852 489 2910; x_wconf 82' lang='lat' dir='ltr'>enie3</span> <span class='ocrx_word' id='word_1_267' title='bbox 515 2847 545 2896; x_wconf 88' lang='lat' dir='ltr'>de</span> <span class='ocrx_word' id='word_1_268' title='bbox 562 2846 613 2896; x_wconf 76' lang='lat' dir='ltr'>div·</span> <span class='ocrx_word' id='word_1_269' title='bbox 635 2845 664 2897; x_wconf 88' lang='grc' dir='ltr'>ΙΙ.</span> <span class='ocrx_word' id='word_1_270' title='bbox 684 2850 726 2911; x_wconf 82' lang='grc'><strong>45,</strong></span> <span class='ocrx_word' id='word_1_271' title='bbox 746 2849 792 2900; x_wconf 79' lang='lat'>94:</span> <span class='ocrx_word' id='word_1_272' title='bbox 825 2851 853 2897; x_wconf 85' lang='lat' dir='ltr'>in</span> <span class='ocrx_word' id='word_1_273' title='bbox 870 2851 989 2899; x_wconf 68' lang='lat' dir='ltr'>mmmm</span> <span class='ocrx_word' id='word_1_274' title='bbox 1006 2849 1107 2900; x_wconf 84' lang='lat' dir='ltr'>motibue</span> <span class='ocrx_word' id='word_1_275' title='bbox 1123 2852 1268 2902; x_wconf 73' lang='lat' dir='ltr'>mutationi·</span> 
     </span>
     <span class='ocr_line' id='line_1_33' title="bbox 192 2921 366 2969; baseline 0.011 -2"><span class='ocrx_word' id='word_1_276' title='bbox 192 2951 195 2957; x_wconf 89' lang='lat'><em>-</em></span> <span class='ocrx_word' id='word_1_277' title='bbox 256 2933 286 2967; x_wconf 85' lang='lat' dir='ltr'>ne</span> <span class='ocrx_word' id='word_1_278' title='bbox 301 2921 366 2969; x_wconf 86' lang='lat' dir='ltr'>oaeli.</span> 
     </span>
     <span class='ocr_line' id='line_1_34' title="bbox 197 2919 1269 3048; baseline 0.001 -12"><span class='ocrx_word' id='word_1_279' title='bbox 197 2919 323 3036; x_wconf 55' lang='grc' dir='ltr'><strong>Μ220.</strong></span> <span class='ocrx_word' id='word_1_280' title='bbox 353 2986 474 3048; x_wconf 87' lang='lat' dir='ltr'>seroorne</span> <span class='ocrx_word' id='word_1_281' title='bbox 495 2987 581 3034; x_wconf 78' lang='lat' dir='ltr'>mentio</span> <span class='ocrx_word' id='word_1_282' title='bbox 601 2989 649 3034; x_wconf 88' lang='lat' dir='ltr'>cot.</span> <span class='ocrx_word' id='word_1_283' title='bbox 689 2982 722 3033; x_wconf 80' lang='lat' dir='ltr'>Es</span> <span class='ocrx_word' id='word_1_284' title='bbox 746 2998 800 3033; x_wconf 80' lang='lat' dir='ltr'>war</span> <span class='ocrx_word' id='word_1_285' title='bbox 824 2983 1010 3048; x_wconf 80' lang='lat' dir='ltr'>vorzugswoise</span> <span class='ocrx_word' id='word_1_286' title='bbox 1028 2982 1195 3036; x_wconf 83' lang='lat' dir='ltr'>Gowohnlreit</span> <span class='ocrx_word' id='word_1_287' title='bbox 1220 2986 1269 3037; x_wconf 85' lang='lat' dir='ltr'>der</span> 
     </span>
     <span class='ocr_line' id='line_1_35' title="bbox 192 3049 1145 3118; baseline 0 -16"><span class='ocrx_word' id='word_1_288' title='bbox 192 3051 306 3115; x_wconf 77' lang='lat' dir='ltr'>Stoikor,</span> <span class='ocrx_word' id='word_1_289' title='bbox 324 3052 379 3104; x_wconf 87' lang='lat' dir='ltr'>sich</span> <span class='ocrx_word' id='word_1_290' title='bbox 396 3052 421 3102; x_wconf 88' lang='lat' dir='ltr'>in</span> <span class='ocrx_word' id='word_1_291' title='bbox 442 3049 639 3103; x_wconf 86' lang='lat' dir='ltr'>nnlruchtburen</span> <span class='ocrx_word' id='word_1_292' title='bbox 658 3051 961 3116; x_wconf 79' lang='lat' dir='ltr'>Bcgriffsbestimmungcn</span> <span class='ocrx_word' id='word_1_293' title='bbox 978 3069 1010 3103; x_wconf 85' lang='lat' dir='ltr'>au</span> <span class='ocrx_word' id='word_1_294' title='bbox 1029 3054 1145 3118; x_wconf 81' lang='lat' dir='ltr'>ergehon.</span> 
     </span>
    </p>

    <p class='ocr_par' dir='ltr' id='par_1_11' title="bbox 196 3118 1267 3254">
     <span class='ocr_line' id='line_1_36' title="bbox 265 3118 1267 3186; baseline 0.002 -14"><span class='ocrx_word' id='word_1_295' title='bbox 265 3131 342 3172; x_wconf 79' lang='lat' dir='ltr'>moine</span> <span class='ocrx_word' id='word_1_296' title='bbox 359 3147 392 3156; x_wconf 89' lang='lat'><em>—</em></span> <span class='ocrx_word' id='word_1_297' title='bbox 410 3123 507 3171; x_wconf 80' lang='lat' dir='ltr'>mirone</span> <span class='ocrx_word' id='word_1_298' title='bbox 533 3129 555 3170; x_wconf 84' lang='lat' dir='ltr'>et</span> <span class='ocrx_word' id='word_1_299' title='bbox 577 3124 683 3186; x_wconf 76' lang='lat' dir='ltr'>agitare:</span> <span class='ocrx_word' id='word_1_300' title='bbox 722 3120 762 3170; x_wconf 86' lang='lat' dir='ltr'>dic</span> <span class='ocrx_word' id='word_1_301' title='bbox 787 3118 994 3171; x_wconf 82' lang='lat' dir='ltr'>Leidenschuiten</span> <span class='ocrx_word' id='word_1_302' title='bbox 1018 3120 1043 3170; x_wconf 88' lang='lat' dir='ltr'>in</span> <span class='ocrx_word' id='word_1_303' title='bbox 1069 3119 1189 3186; x_wconf 76' lang='lat' dir='ltr'>thrung</span> <span class='ocrx_word' id='word_1_304' title='bbox 1213 3124 1267 3174; x_wconf 84' lang='lat' dir='ltr'>und</span> 
     </span>
     <span class='ocr_line' id='line_1_37' title="bbox 196 3187 1127 3254; baseline 0.001 -14"><span class='ocrx_word' id='word_1_305' title='bbox 196 3191 339 3254; x_wconf 81' lang='lat' dir='ltr'>Bewognng</span> <span class='ocrx_word' id='word_1_306' title='bbox 356 3195 454 3250; x_wconf 84' lang='lat' dir='ltr'>setaou3</span> <span class='ocrx_word' id='word_1_307' title='bbox 473 3187 524 3252; x_wconf 84' lang='lat' dir='ltr'>vgl.</span> <span class='ocrx_word' id='word_1_308' title='bbox 542 3205 564 3239; x_wconf 89' lang='lat' dir='ltr'>z.</span> <span class='ocrx_word' id='word_1_309' title='bbox 583 3192 625 3253; x_wconf 89' lang='grc'><strong>20,</strong></span> <span class='ocrx_word' id='word_1_310' title='bbox 644 3191 688 3241; x_wconf 83' lang='lat'>90:</span> <span class='ocrx_word' id='word_1_311' title='bbox 708 3193 834 3254; x_wconf 73' lang='lat' dir='ltr'>eloquendi</span> <span class='ocrx_word' id='word_1_312' title='bbox 849 3192 990 3242; x_wconf 73' lang='lat' dir='ltr'>eelere‘totm</span> <span class='ocrx_word' id='word_1_313' title='bbox 1007 3193 1127 3242; x_wconf 81' lang='lat' dir='ltr'>incitaret.</span> 
     </span>
    </p>

    <p class='ocr_par' dir='ltr' id='par_1_12' title="bbox 194 3256 1269 3803">
     <span class='ocr_line' id='line_1_38' title="bbox 261 3256 1268 3324; baseline 0.003 -15"><span class='ocrx_word' id='word_1_314' title='bbox 261 3262 354 3320; x_wconf 86' lang='lat' dir='ltr'>partim</span> <span class='ocrx_word' id='word_1_315' title='bbox 377 3283 411 3293; x_wconf 79' lang='lat'>-</span> <span class='ocrx_word' id='word_1_316' title='bbox 432 3261 534 3320; x_wconf 83' lang='lat' dir='ltr'>partim:</span> <span class='ocrx_word' id='word_1_317' title='bbox 565 3257 605 3309; x_wconf 89' lang='lat' dir='ltr'>dic</span> <span class='ocrx_word' id='word_1_318' title='bbox 629 3256 731 3310; x_wconf 82' lang='lat' dir='ltr'>Stoikor</span> <span class='ocrx_word' id='word_1_319' title='bbox 755 3258 805 3308; x_wconf 92' lang='lat' dir='ltr'>und</span> <span class='ocrx_word' id='word_1_320' title='bbox 835 3257 987 3308; x_wconf 83' lang='lat' dir='ltr'>andrersoits</span> <span class='ocrx_word' id='word_1_321' title='bbox 1011 3257 1050 3310; x_wconf 89' lang='lat' dir='ltr'>die</span> <span class='ocrx_word' id='word_1_322' title='bbox 1071 3257 1268 3324; x_wconf 82' lang='lat' dir='ltr'>Peripatetiker.</span> 
     </span>
     <span class='ocr_line' id='line_1_39' title="bbox 196 3324 1266 3394; baseline 0.002 -17"><span class='ocrx_word' id='word_1_323' title='bbox 196 3327 253 3392; x_wconf 80' lang='lat' dir='ltr'>VgL</span> <span class='ocrx_word' id='word_1_324' title='bbox 274 3327 351 3378; x_wconf 80' lang='lat' dir='ltr'>Acud.</span> <span class='ocrx_word' id='word_1_325' title='bbox 370 3324 400 3376; x_wconf 88' lang='lat' dir='ltr'>ll.</span> <span class='ocrx_word' id='word_1_326' title='bbox 417 3328 460 3388; x_wconf 84' lang='grc'><strong>44,</strong></span> <span class='ocrx_word' id='word_1_327' title='bbox 480 3328 542 3379; x_wconf 77' lang='lat'><strong>135:</strong></span> <span class='ocrx_word' id='word_1_328' title='bbox 579 3331 641 3392; x_wconf 75' lang='lat' dir='ltr'>Ape,</span> <span class='ocrx_word' id='word_1_329' title='bbox 659 3329 715 3378; x_wconf 86' lang='lat' dir='ltr'>baeo</span> <span class='ocrx_word' id='word_1_330' title='bbox 728 3329 863 3388; x_wconf 77' lang='lat' dir='ltr'>probabilia</span> <span class='ocrx_word' id='word_1_331' title='bbox 879 3343 936 3378; x_wconf 74' lang='lat' dir='ltr'>earne</span> <span class='ocrx_word' id='word_1_332' title='bbox 955 3332 1018 3378; x_wconf 77' lang='lat' dir='ltr'>rint:</span> <span class='ocrx_word' id='word_1_333' title='bbox 1047 3343 1106 3378; x_wconf 84' lang='lat' dir='ltr'>nam</span> <span class='ocrx_word' id='word_1_334' title='bbox 1123 3331 1194 3378; x_wconf 86' lang='lat' dir='ltr'>etiam</span> <span class='ocrx_word' id='word_1_335' title='bbox 1212 3331 1266 3394; x_wconf 82' lang='lat' dir='ltr'>illo,</span> 
     </span>
     <span class='ocr_line' id='line_1_40' title="bbox 195 3398 1266 3461; baseline 0.002 -14"><span class='ocrx_word' id='word_1_336' title='bbox 195 3413 327 3461; x_wconf 75' lang='lat' dir='ltr'>numqaum</span> <span class='ocrx_word' id='word_1_337' title='bbox 346 3398 586 3458; x_wconf 65' lang='lat' dir='ltr'>numennumen</span> <span class='ocrx_word' id='word_1_338' title='bbox 604 3398 699 3448; x_wconf 75' lang='lat' dir='ltr'>dolere?</span> <span class='ocrx_word' id='word_1_339' title='bbox 727 3399 852 3459; x_wconf 67' lang='lat' dir='ltr'>sapiensne</span> <span class='ocrx_word' id='word_1_340' title='bbox 874 3412 924 3446; x_wconf 86' lang='lat' dir='ltr'>non</span> <span class='ocrx_word' id='word_1_341' title='bbox 942 3401 1022 3448; x_wconf 88' lang='lat' dir='ltr'>timeat</span> <span class='ocrx_word' id='word_1_342' title='bbox 1039 3412 1069 3446; x_wconf 83' lang='lat' dir='ltr'>ne</span> <span class='ocrx_word' id='word_1_343' title='bbox 1083 3399 1167 3458; x_wconf 85' lang='lat' dir='ltr'>patria</span> <span class='ocrx_word' id='word_1_344' title='bbox 1183 3399 1266 3449; x_wconf 80' lang='lat' dir='ltr'>delea-</span> 
     </span>
     <span class='ocr_line' id='line_1_41' title="bbox 195 3467 1268 3527; baseline -0.001 -10"><span class='ocrx_word' id='word_1_345' title='bbox 195 3469 255 3518; x_wconf 79' lang='lat' dir='ltr'>tur?</span> <span class='ocrx_word' id='word_1_346' title='bbox 272 3482 320 3516; x_wconf 91' lang='lat' dir='ltr'>non</span> <span class='ocrx_word' id='word_1_347' title='bbox 337 3468 422 3526; x_wconf 71' lang='lat' dir='ltr'>dolam,</span> <span class='ocrx_word' id='word_1_348' title='bbox 442 3467 466 3513; x_wconf 88' lang='lat' dir='ltr'>ei</span> <span class='ocrx_word' id='word_1_349' title='bbox 481 3467 555 3514; x_wconf 81' lang='lat' dir='ltr'>deleta</span> <span class='ocrx_word' id='word_1_350' title='bbox 573 3467 623 3514; x_wconf 77' lang='lat' dir='ltr'>ait?</span> <span class='ocrx_word' id='word_1_351' title='bbox 645 3467 743 3527; x_wconf 76' lang='lat' dir='ltr'>durum,</span> <span class='ocrx_word' id='word_1_352' title='bbox 765 3469 807 3516; x_wconf 82' lang='lat' dir='ltr'>red</span> <span class='ocrx_word' id='word_1_353' title='bbox 823 3467 915 3516; x_wconf 66' lang='lat' dir='ltr'>buoni</span> <span class='ocrx_word' id='word_1_354' title='bbox 931 3468 1097 3527; x_wconf 69' lang='lat' dir='ltr'>morium,</span> <span class='ocrx_word' id='word_1_355' title='bbox 1114 3469 1155 3516; x_wconf 86' lang='lat' dir='ltr'>oni</span> <span class='ocrx_word' id='word_1_356' title='bbox 1165 3476 1268 3526; x_wconf 68' lang='lat' dir='ltr'>morter</span> 
     </span>
     <span class='ocr_line' id='line_1_42' title="bbox 194 3533 1267 3597; baseline 0.002 -13"><span class='ocrx_word' id='word_1_357' title='bbox 194 3536 320 3586; x_wconf 78' lang='lat' dir='ltr'>boneetnm</span> <span class='ocrx_word' id='word_1_358' title='bbox 337 3536 402 3584; x_wconf 80' lang='lat' dir='ltr'>nibil</span> <span class='ocrx_word' id='word_1_359' title='bbox 420 3542 454 3583; x_wconf 85' lang='lat' dir='ltr'>eet</span> <span class='ocrx_word' id='word_1_360' title='bbox 471 3536 499 3582; x_wconf 88' lang='lat' dir='ltr'>in</span> <span class='ocrx_word' id='word_1_361' title='bbox 518 3535 594 3583; x_wconf 76' lang='lat' dir='ltr'>bonit.</span> <span class='ocrx_word' id='word_1_362' title='bbox 614 3557 647 3567; x_wconf 88' lang='lat'><em>-</em></span> <span class='ocrx_word' id='word_1_363' title='bbox 672 3533 720 3582; x_wconf 68' lang='lat' dir='ltr'>&amp;d</span> <span class='ocrx_word' id='word_1_364' title='bbox 734 3549 824 3597; x_wconf 81' lang='lat' dir='ltr'>quaero</span> <span class='ocrx_word' id='word_1_365' title='bbox 850 3537 945 3595; x_wconf 64' lang='lat' dir='ltr'>wando</span> <span class='ocrx_word' id='word_1_366' title='bbox 970 3537 1018 3584; x_wconf 86' lang='lat' dir='ltr'>ieta</span> <span class='ocrx_word' id='word_1_367' title='bbox 1029 3534 1131 3596; x_wconf 73' lang='lat' dir='ltr'>jecerint</span> <span class='ocrx_word' id='word_1_368' title='bbox 1148 3535 1177 3584; x_wconf 92' lang='lat' dir='ltr'>ab</span> <span class='ocrx_word' id='word_1_369' title='bbox 1195 3536 1267 3586; x_wconf 72' lang='lat' dir='ltr'>Aee-</span> 
     </span>
     <span class='ocr_line' id='line_1_43' title="bbox 194 3603 1269 3668; baseline -0.002 -14"><span class='ocrx_word' id='word_1_370' title='bbox 194 3605 274 3654; x_wconf 78' lang='lat' dir='ltr'>demia</span> <span class='ocrx_word' id='word_1_371' title='bbox 297 3611 373 3654; x_wconf 79' lang='lat' dir='ltr'>oriere</span> <span class='ocrx_word' id='word_1_372' title='bbox 396 3604 505 3662; x_wconf 80' lang='lat' dir='ltr'>deereta,</span> <span class='ocrx_word' id='word_1_373' title='bbox 533 3610 561 3650; x_wconf 80' lang='lat' dir='ltr'>nt</span> <span class='ocrx_word' id='word_1_374' title='bbox 576 3603 684 3650; x_wconf 81' lang='lat' dir='ltr'>animum</span> <span class='ocrx_word' id='word_1_375' title='bbox 701 3603 817 3663; x_wconf 74' lang='lat' dir='ltr'>eapiemic</span> <span class='ocrx_word' id='word_1_376' title='bbox 840 3605 981 3652; x_wconf 79' lang='lat' dir='ltr'>commoneri</span> <span class='ocrx_word' id='word_1_377' title='bbox 996 3611 1017 3654; x_wconf 84' lang='lat' dir='ltr'>el</span> <span class='ocrx_word' id='word_1_378' title='bbox 1033 3603 1174 3654; x_wconf 74' lang='lat' dir='ltr'>oomtnrbari</span> <span class='ocrx_word' id='word_1_379' title='bbox 1190 3619 1269 3668; x_wconf 73' lang='lat' dir='ltr'>nepa-</span> 
     </span>
     <span class='ocr_line' id='line_1_44' title="bbox 194 3669 1267 3730; baseline 0.002 -8"><span class='ocrx_word' id='word_1_380' title='bbox 194 3674 268 3722; x_wconf 76' lang='lat' dir='ltr'>rent?</span> <span class='ocrx_word' id='word_1_381' title='bbox 284 3673 456 3722; x_wconf 74' lang='lat' dir='ltr'>mediocritates</span> <span class='ocrx_word' id='word_1_382' title='bbox 473 3672 513 3720; x_wconf 84' lang='lat' dir='ltr'>illi</span> <span class='ocrx_word' id='word_1_383' title='bbox 523 3669 658 3730; x_wconf 82' lang='lat' dir='ltr'>probabant</span> <span class='ocrx_word' id='word_1_384' title='bbox 674 3677 697 3719; x_wconf 85' lang='lat' dir='ltr'>et</span> <span class='ocrx_word' id='word_1_385' title='bbox 716 3672 744 3718; x_wconf 85' lang='lat' dir='ltr'>in</span> <span class='ocrx_word' id='word_1_386' title='bbox 761 3671 829 3718; x_wconf 86' lang='lat' dir='ltr'>omni</span> <span class='ocrx_word' id='word_1_387' title='bbox 841 3673 988 3729; x_wconf 83' lang='lat' dir='ltr'>permotione</span> <span class='ocrx_word' id='word_1_388' title='bbox 1005 3673 1140 3722; x_wconf 69' lang='lat' dir='ltr'>amoremne</span> <span class='ocrx_word' id='word_1_389' title='bbox 1156 3672 1267 3724; x_wconf 72' lang='lat' dir='ltr'>eobbm</span> 
     </span>
     <span class='ocr_line' id='line_1_45' title="bbox 195 3733 979 3803; baseline -0.003 -15"><span class='ocrx_word' id='word_1_390' title='bbox 195 3742 380 3803; x_wconf 72' lang='lat' dir='ltr'>coarguendam</span> <span class='ocrx_word' id='word_1_391' title='bbox 394 3740 498 3790; x_wconf 83' lang='lat' dir='ltr'>modam.</span> <span class='ocrx_word' id='word_1_392' title='bbox 533 3733 605 3785; x_wconf 86' lang='lat' dir='ltr'>Tusc.</span> <span class='ocrx_word' id='word_1_393' title='bbox 625 3733 668 3786; x_wconf 85' lang='lat' dir='ltr'>lv.</span> <span class='ocrx_word' id='word_1_394' title='bbox 691 3738 731 3798; x_wconf 85' lang='grc'><strong>17,</strong></span> <span class='ocrx_word' id='word_1_395' title='bbox 750 3737 796 3797; x_wconf 84' lang='grc'>38;</span> <span class='ocrx_word' id='word_1_396' title='bbox 814 3733 855 3786; x_wconf 87' lang='lat'>111.</span> <span class='ocrx_word' id='word_1_397' title='bbox 879 3738 918 3801; x_wconf 90' lang='lat'>10,</span> <span class='ocrx_word' id='word_1_398' title='bbox 938 3739 979 3790; x_wconf 88' lang='grc'><strong>22.</strong></span> 
     </span>
    </p>

    <p class='ocr_par' dir='ltr' id='par_1_13' title="bbox 257 3802 1163 3871">
     <span class='ocr_line' id='line_1_46' title="bbox 257 3802 1163 3871; baseline -0.004 -13"><span class='ocrx_word' id='word_1_399' title='bbox 257 3809 354 3871; x_wconf 83' lang='lat' dir='ltr'>faeere,</span> <span class='ocrx_word' id='word_1_400' title='bbox 371 3821 421 3855; x_wconf 89' lang='lat' dir='ltr'>von</span> <span class='ocrx_word' id='word_1_401' title='bbox 438 3807 523 3856; x_wconf 73' lang='lat' dir='ltr'>dmnnt</span> <span class='ocrx_word' id='word_1_402' title='bbox 540 3802 675 3867; x_wconf 72' lang='lat' dir='ltr'>abhingig,</span> <span class='ocrx_word' id='word_1_403' title='bbox 693 3819 745 3854; x_wconf 76' lang='lat' dir='ltr'>was</span> <span class='ocrx_word' id='word_1_404' title='bbox 763 3819 807 3854; x_wconf 83' lang='lat' dir='ltr'>aus</span> <span class='ocrx_word' id='word_1_405' title='bbox 824 3815 912 3869; x_wconf 74' lang='lat' dir='ltr'>nepam</span> <span class='ocrx_word' id='word_1_406' title='bbox 929 3821 960 3856; x_wconf 81' lang='lat' dir='ltr'>zu</span> <span class='ocrx_word' id='word_1_407' title='bbox 978 3806 1103 3870; x_wconf 71' lang='lat' dir='ltr'>orginzen</span> <span class='ocrx_word' id='word_1_408' title='bbox 1120 3805 1163 3855; x_wconf 86' lang='lat' dir='ltr'>ist.</span> 
     </span>
    </p>

    <p class='ocr_par' dir='ltr' id='par_1_14' title="bbox 263 3873 990 3936">
     <span class='ocr_line' id='line_1_47' title="bbox 263 3873 990 3936; baseline 0.001 -13"><span class='ocrx_word' id='word_1_409' title='bbox 263 3878 394 3936; x_wconf 66' lang='lat' dir='ltr'>omen,</span> <span class='ocrx_word' id='word_1_410' title='bbox 414 3889 435 3936; x_wconf 89' lang='lat' dir='ltr'>s,</span> <span class='ocrx_word' id='word_1_411' title='bbox 453 3889 475 3923; x_wconf 80' lang='lat' dir='ltr'>a.</span> <span class='ocrx_word' id='word_1_412' title='bbox 496 3874 538 3933; x_wconf 79' lang='lat' dir='ltr'>tt,</span> <span class='ocrx_word' id='word_1_413' title='bbox 558 3873 614 3924; x_wconf 85' lang='grc'><strong>140.</strong></span> <span class='ocrx_word' id='word_1_414' title='bbox 988 3878 990 3886; x_wconf 90' lang='grc'><strong>“</strong></span> 
     </span>
    </p>

    <p class='ocr_par' dir='ltr' id='par_1_15' title="bbox 265 3935 1271 4008">
     <span class='ocr_line' id='line_1_48' title="bbox 265 3935 1271 4008; baseline 0.005 -16"><span class='ocrx_word' id='word_1_415' title='bbox 265 3959 293 3992; x_wconf 88' lang='lat' dir='ltr'>ae</span> <span class='ocrx_word' id='word_1_416' title='bbox 306 3944 401 4003; x_wconf 83' lang='lat' dir='ltr'>potine:</span> <span class='ocrx_word' id='word_1_417' title='bbox 423 3940 483 3992; x_wconf 83' lang='lat' dir='ltr'>oder</span> <span class='ocrx_word' id='word_1_418' title='bbox 504 3953 621 4004; x_wconf 82' lang='lat' dir='ltr'>gonunor,</span> <span class='ocrx_word' id='word_1_419' title='bbox 646 3937 693 3988; x_wconf 85' lang='lat' dir='ltr'>wie</span> <span class='ocrx_word' id='word_1_420' title='bbox 711 3938 745 3988; x_wconf 79' lang='lat' dir='ltr'>ed</span> <span class='ocrx_word' id='word_1_421' title='bbox 763 3935 821 3988; x_wconf 79' lang='lat' dir='ltr'>sum.</span> <span class='ocrx_word' id='word_1_422' title='bbox 839 3937 857 3988; x_wconf 92' lang='grc' dir='ltr'>Ι.</span> <span class='ocrx_word' id='word_1_423' title='bbox 883 3942 904 4001; x_wconf 91' lang='grc'><strong>1,</strong></span> <span class='ocrx_word' id='word_1_424' title='bbox 927 3943 953 3992; x_wconf 92' lang='lat' dir='ltr'>l:</span> <span class='ocrx_word' id='word_1_425' title='bbox 983 3944 1035 4008; x_wconf 75' lang='lat' dir='ltr'>Epo</span> <span class='ocrx_word' id='word_1_426' title='bbox 1054 3945 1121 3994; x_wconf 84' lang='lat' dir='ltr'>omni</span> <span class='ocrx_word' id='word_1_427' title='bbox 1139 3942 1224 4007; x_wconf 72' lang='lat' dir='ltr'>officio</span> <span class='ocrx_word' id='word_1_428' title='bbox 1241 3961 1271 3997; x_wconf 85' lang='lat' dir='ltr'>oe</span> 
     </span>
    </p>
   </div>
   <div class='ocr_carea' id='block_1_4' title="bbox 0 0 1418 4520">
    <p class='ocr_par' dir='ltr' id='par_1_16' title="bbox 0 0 1418 4520">
     <span class='ocr_line' id='line_1_49' title="bbox 0 0 1418 4520; baseline 0 4"><span class='ocrx_word' id='word_1_429' title='bbox 0 0 1418 4520; x_wconf 95' lang='lat' dir='ltr'> </span> 
     </span>
    </p>
   </div>
  </div>
 </body>
</html>
