2814 4526
191 321 253 386 140
372 319 415 370 nn
435 317 598 380 cannono,
617 317 660 370 ne.
673 301 692 369 i.
713 333 766 386 op.
781 320 820 370 ss.
839 321 879 372 oo.
901 318 986 379 §asa
1005 320 1063 370 254.

192 476 287 557 adripi
309 495 370 537 non
392 484 503 554 potest,
532 475 605 537 iuris
628 475 732 536 utilitas
753 475 789 537 ad
811 494 959 556 quamque
982 496 1098 540 causam
1124 481 1263 559 quamvis

118 561 176 612 253.
192 571 312 641 repente
334 562 379 622 vel
401 581 417 621 a
438 560 537 639 peritis
558 560 604 621 vel
625 561 662 620 de
682 560 764 621 libris
788 561 922 640 depromi
945 571 1050 641 potest.
1099 566 1201 645 ltaque
1220 569 1264 632 illi

192 646 375 708 disertissimi
402 647 537 710 homines
567 646 718 707 ministros
741 645 849 708 habent
873 647 905 708 in
929 648 1023 710 causis
1045 649 1118 712 iuris
1139 653 1263 732 peritos,

192 727 273 816 [cum
295 732 351 811 ipsi
371 733 430 792 sint
448 731 634 811 peritissimi]
651 731 712 809 qui,
732 739 765 807 ut
780 731 831 792 abs
848 739 875 792 te
891 734 978 811 paulo
997 736 1191 797 antedictum
1207 749 1263 813 est,

191 817 424 898 pragmatici
445 824 597 877 vocantur.
640 817 674 876 ln
698 835 757 894 quo
780 818 874 878 nostri
892 820 1015 879 omnino
1037 821 1140 882 melius
1156 825 1263 901 multo,

192 902 272 982 quod
301 902 532 964 clarissimorum
559 901 715 963 hominum
743 901 918 964 auctoritate
938 905 1018 984 leges
1046 914 1075 966 et
1099 907 1164 968 iura
1185 917 1264 972 tecta

192 1007 257 1049 esse
277 988 443 1050 voluerunt.
477 987 534 1048 Sed
551 996 648 1048 umen
671 1005 732 1047 nou
751 988 873 1066 fugisset
894 989 950 1050 hoc
965 990 1091 1051 Graecos
1112 993 1262 1068 homines,

193 1074 217 1135 si
238 1074 276 1134 ita
298 1091 419 1135 necesse
441 1091 505 1133 esse
525 1072 653 1133 arbitrati
673 1081 772 1134 essent
805 1084 950 1136 oratorem
970 1075 1069 1154 ipsum
1092 1079 1210 1140 erudire
1229 1081 1262 1142 in

54 1149 105 1211 60.
121 1155 178 1205 254.
192 1159 256 1220 iure
279 1157 370 1230 civili,
400 1176 463 1217 non
485 1157 510 1218 ei
533 1158 747 1237 pragmaticum
766 1158 929 1220 adiutorem
950 1160 1027 1222 dare.
1081 1163 1156 1224 Nam
1179 1168 1263 1243 quod

192 1245 264 1304 dicis
295 1251 513 1305 senectutema
543 1243 699 1304 solitudine
730 1244 869 1306 vindicari
900 1246 973 1306 iuris
1004 1247 1094 1308 civilis
1125 1249 1266 1312 scientia:

191 1333 317 1390 fortasse
340 1329 425 1389 etiam
447 1329 589 1407 pecuniae
611 1329 819 1407 magnitudine.
856 1331 912 1391 Sed
936 1350 991 1392 nos
1008 1350 1069 1392 non
1085 1334 1156 1412 quid
1172 1336 1265 1398 nohis

193 1415 270 1487 utile,
292 1432 395 1475 verum
419 1413 489 1492 quid
512 1415 621 1474 oratori
643 1413 843 1474 necessarium
867 1416 903 1476 sit
922 1419 1101 1494 quaerimus·
1145 1421 1264 1493 Quam-

193 1516 298 1576 quam,
320 1499 460 1578 quoniam
481 1500 571 1560 multa
593 1498 629 1559 ad
651 1500 775 1560 oratoris
799 1500 1019 1563 similitudinem
1041 1501 1077 1564 ab
1103 1523 1164 1565 uno
1186 1509 1263 1568 arti-

193 1583 245 1645 lice
268 1586 429 1657 sumimus,
462 1585 536 1646 solet
563 1584 640 1645 idem
661 1586 787 1647 Roscius
818 1585 913 1646 dicere
943 1607 990 1661 se,
1022 1606 1081 1666 quo
1113 1590 1180 1668 plus
1204 1593 1263 1654 sibi

192 1671 291 1731 aetatis
317 1671 481 1743 accederet,
511 1689 545 1730 eo
568 1669 710 1731 tardiores
738 1669 863 1732 tibicinis
892 1672 997 1734 modos
1028 1683 1056 1734 et
1084 1683 1185 1737 cantus
1208 1697 1261 1738 re-

193 1755 342 1816 missiores
373 1775 437 1816 esse
465 1759 621 1817 facturum.
665 1755 779 1829 Quodsi
807 1757 853 1816 ille
873 1758 1009 1819 astrictus
1030 1767 1107 1820 certa
1131 1762 1261 1839 quadam

193 1859 387 1902 numerorum
407 1841 608 1902 moderatione
631 1849 659 1902 et
678 1841 798 1920 pedum,
819 1851 916 1904 nmen
939 1844 1046 1921 aliquid
1069 1845 1105 1905 ad
1125 1850 1263 1924 requiem

193 1927 349 1988 senectutis
379 1928 540 2006 excogitat,
573 1935 681 2005 quanto
714 1927 825 1987 facilius
854 1946 910 1988 nos
938 1947 1000 1988 non
1020 1929 1118 1992 laxare
1142 1934 1264 2008 modos,

262 2083 355 2132 utiliaee
371 2103 407 2122 =
423 2085 488 2144 quod
503 2084 562 2130 utile
578 2088 623 2130 eet:
645 2079 689 2129 des
709 2077 909 2144 Fulorderlichm
927 2081 979 2144 vgl.
998 2084 1023 2143 9,
1041 2084 1081 2134 36.

260 2167 385 2214 quamque,
404 2164 425 2200 s.
443 2165 464 2198 z.
485 2150 509 2210 2,
528 2151 551 2200 6.

260 2223 368 2282 quamve
385 2229 491 2280 repente:
515 2215 624 2280 beliebig
639 2216 744 2281 schnell,
765 2216 811 2282 eig.
830 2231 902 2267 werin
922 2220 986 2268 euch
1006 2220 1070 2269 noch
1086 2235 1113 2270 so
1132 2219 1265 2286 pldtzlieh.

261 2288 318 2339 253.
353 2292 381 2338 in
398 2305 453 2352 quo,
470 2285 518 2336 wie
538 2288 578 2346 58,
600 2288 659 2338 246.

261 2360 345 2406 melius
365 2360 452 2418 multo,
477 2370 511 2406 sc.
525 2355 644 2418 fecerunt.
685 2354 719 2404 Sc
744 2354 806 2404 wird
823 2357 908 2418 faeere
927 2357 976 2406 und
998 2361 1075 2408 diem
1092 2357 1163 2408 nicht
1179 2360 1266 2412 selten

193 2424 367 2488 ausgelcssen‚
397 2439 471 2473 wenn
491 2424 545 2473 eine
565 2423 695 2488 Haudlung
719 2424 779 2474 odor
796 2424 957 2490 Behauptuog
982 2427 1061 2476 durch
1081 2426 1122 2477 ein
1141 2427 1266 2480 lohendes

193 2491 484 2546 ode1·rauelndosndv.
503 2493 565 2542 hurz
584 2493 730 2542 bezeichnet
746 2492 823 2556 urii-d,
845 2493 896 2554 vgl.
914 2494 944 2544 de
963 2496 1029 2544 deor.
1048 2512 1071 2545 n.
1093 2495 1112 2546 l.
1132 2498 1173 2560 36,
1197 2499 1264 2550 101:

193 2570 282 2626 quanto
293 2565 376 2613 melier
392 2564 449 2612 daeo
465 2566 547 2626 voleus
565 2565 738 2622 imperatorem,
758 2567 802 2625 qui
817 2579 866 2612 nen
883 2567 986 2614 membra
1002 2568 1079 2615 solum
1095 2567 1201 2617 temne
1218 2569 1265 2618 deo

192 2633 308 2690 tribueret,
324 2634 451 2681 ecdurum
468 2635 538 2681 eiam
554 2633 718 2682 membrorum.
1147 2652 1155 2664 2

261 2702 449 2750 carissimorum
468 2703 592 2750 dominum
609 2705 755 2762 summitate,
779 2700 838 2750 weil
856 2700 882 2750 in
901 2699 962 2752 Rom
981 2700 1021 2752 die
1039 2703 1158 2751 hiichsten
1178 2702 1264 2754 Wiir—

194 2768 330 2832 dentriger
347 2767 402 2819 ihre
417 2767 583 2820 Ehreuimter
598 2769 768 2820 vornahmlich
785 2770 839 2819 dom
857 2769 1049 2835 hareitwilligen
1063 2768 1195 2822 Ertheilen
1211 2787 1264 2822 von

193 2836 435 2888 liechtshescheidcn
456 2838 616 2888 verdcnhten.

262 2923 312 2957 reon
330 2909 437 2972 succinet
459 2910 515 2971 deo,
543 2908 566 2956 d.
582 2907 606 2956 h.
629 2907 669 2957 die
694 2907 728 2956 im
750 2904 893 2970 Folgendeu
916 2907 1075 2958 bezeichuete
1093 2905 1264 2973 Einrichtung

194 2976 264 3025 wiire
280 2977 327 3026 den
344 2975 470 3026 Griechen
487 2975 556 3026 nicht
574 2973 653 3026 iremd
673 2975 810 3040 gehliehen.
845 2974 887 3025 sie
904 2975 938 3025 ist
955 2991 983 3027 es
1001 2977 1064 3026 auch
1085 2976 1109 3024 iu
1129 2977 1173 3026 der
1192 2975 1264 3028 Tmt

195 3044 272 3104 nicht,
302 3046 333 3094 de
363 3043 403 3094 die
429 3044 553 3095 attischen
577 3043 675 3096 lledner
698 3045 743 3095 der
765 3044 852 3094 hesten
875 3043 933 3095 Zeit
961 3047 1022 3096 sehr
1043 3045 1112 3096 wohl
1135 3045 1181 3094 mit
1205 3047 1264 3096 mm

194 3112 352 3164 Staatsrecht
368 3113 478 3163 bekannt
496 3128 590 3164 waren.

258 3179 316 3301 ι550.
337 3184 394 3236 254.
428 3184 538 3246 sortasse
554 3186 624 3234 etiem
641 3209 684 3247 -,
702 3181 755 3232 scil.
772 3184 916 3245 vindicatur,
934 3181 1004 3231 nicht
1022 3184 1084 3232 ohne
1101 3179 1183 3234 lrcnie
1203 3183 1268 3234 hin-

194 3253 319 3316 zugeuigt.
798 3299 799 3305 ,

263 3323 419 3385 Quemquam.
455 3319 528 3370 Sion:
554 3318 608 3370 Und
627 3320 690 3368 doch
710 3317 769 3370 dari
784 3319 829 3370 der
844 3317 957 3383 Reduci,
982 3318 1060 3370 selhst
1079 3335 1150 3370 weho
1169 3335 1198 3370 er
1216 3319 1267 3371 den

194 3388 389 3456 Gesiohtspunkt
412 3390 455 3439 des
477 3387 589 3439 Nutzeos
614 3389 663 3439 und
688 3389 732 3439 der
755 3387 967 3454 Bequamlichkeit
990 3386 1032 3438 liir
1056 3389 1108 3439 sein
1127 3389 1202 3440 Alter
1224 3388 1269 3441 ins

194 3458 264 3523 Auge
292 3451 368 3509 lusst.
396 3455 442 3507 auf
469 3457 509 3508 die
530 3455 665 3508 licuntniss
693 3457 735 3508 des
759 3457 851 3508 Rechts
877 3458 1034 3520 venichten‚
1062 3458 1124 3508 ohne
1149 3458 1208 3510 does
1235 3473 1270 3509 er

193 3527 279 3579 durum
301 3527 497 3590 Vereinsumung
515 3523 662 3577 heliirehten
683 3528 784 3576 miisste.

260 3601 294 3648 ed
310 3600 499 3654 uouendum,
517 3596 540 3645 tl.
558 3596 583 3646 h.
603 3611 647 3646 zm·
666 3595 856 3660 Vergleichung‚
877 3596 928 3660 vgl.
945 3597 987 3658 28,
1011 3597 1067 3648 130.

261 3669 370 3727 Roscius,
390 3680 409 3715 s.
428 3681 449 3716 z.
470 3667 511 3728 27,
533 3666 589 3717 124.

263 3739 375 3797 tioloiede,
404 3734 515 3784 welches
533 3735 579 3784 den
596 3732 770 3798 Sehouspieler
787 3734 828 3784 hei
847 3733 939 3782 seineur
957 3731 1070 3796 Vorlrug
1089 3732 1134 3782 dar
1152 3746 1269 3798 gasang-

194 3803 292 3866 srtigen
311 3803 415 3854 Cantica
434 3802 585 3866 hcglaitcte;
602 3806 692 3864 modos,
709 3802 777 3852 hier:
794 3801 955 3863 Touweisam
974 3802 1027 3866 vgl.
1044 3816 1066 3851 a.
1085 3802 1126 3862 ³3,
1149 3802 1205 3852 151.

264 3876 435 3923 eruderatione:
454 3871 553 3934 Gesetz,
573 3870 619 3934 eig.
639 3872 833 3936 gesetzmiissige
849 3869 1021 3935 Eiurichtung.

264 3951 353 4004 quanto
368 3943 473 4004 facilius
490 3968 524 3976 --
537 3943 684 4003 possumus?
713 3939 786 3990 lliase
810 3938 954 4004 Frugel'orur
979 3939 1012 3988 im
1036 3936 1177 3990 Nuchsatze
1202 3939 1272 3989 nach

196 4007 275 4058 ciuem
285 4009 330 4060 mit
347 4013 411 4072 quod
427 4014 450 4059 ιι·
466 4009 639 4074 heginnenden
651 4008 819 4060 Vordersutze
840 4009 874 4058 ist
885 4007 954 4058 nicht
967 4007 1056 4070 selles,
1075 4005 1126 4070 vgl.
1146 4008 1187 4068 59,
1209 4010 1272 4062 252.
