2826 4520
198 332 238 397 78
375 331 417 381 un
440 331 604 398 onarouu,
622 333 665 384 m.
682 331 700 384 ι,
723 347 775 398 up.
791 301 831 384 ae
852 335 892 384 29.
914 335 928 396 s
948 335 1089 386 reo-132.

107 504 109 510 ’
197 489 229 549 in
253 497 430 566 suo'genere
451 486 576 546 Roscius
600 486 753 546 diceretur.
790 487 873 546 Hanc
888 505 941 565 ego
963 487 1178 548 ahsolutionem
1201 505 1275 566 per-

60 989 113 1053 29.
129 997 185 1050 131.

129 1854 186 1906 tet.

199 573 417 649 lectionemque
438 572 469 631 in
493 579 608 630 oratore
630 571 814 643 desiderans,
843 591 859 630 a
883 589 941 648 qua
960 572 1025 650 ipse
1047 574 1134 651 longe
1157 573 1275 648 absum,

199 658 274 718 facio
297 657 500 735 impudentem
533 655 606 714 mihi
629 656 707 716 enim
729 657 796 715 volo
826 655 954 734 ignosci,
988 658 1091 717 ceteris
1116 658 1180 736 ipse
1211 677 1274 717 non

200 744 332 822 ignosco.
369 742 442 802 Nam
466 741 518 818 qui
541 758 603 800 non
621 749 722 818 potest,
746 742 797 818 qui
811 741 914 800 vitiose
933 741 1009 817 fucit,
1033 761 1122 820 quem
1146 743 1275 819 denique

198 845 261 887 non
284 826 374 901 decet,
405 826 500 896 hunc,
528 833 561 884 ut
581 825 755 903 Apollonius
782 825 915 898 iubebat,
947 826 1049 899 adid,
1073 828 1153 904 quod
1176 830 1275 887 tacere

198 911 300 990 possit,
323 909 541 971 detrudendum
564 918 645 987 puto.

283 997 361 1056 Num
383 1003 415 1055 tu
437 995 533 1072 igitur,
555 995 651 1071 inquit
672 995 828 1072 Sulpicius,
850 1013 897 1054 me
920 1004 970 1055 aut
992 997 1072 1056 hunc
1095 997 1209 1056 Cottam
1225 997 1273 1056 ius

200 1081 281 1141 civile
306 1088 356 1140 ant
385 1098 447 1138 rem
478 1079 631 1138 militarem
664 1079 748 1139 iubes
775 1077 911 1139 discere?
953 1080 1028 1140 Nam
1058 1081 1123 1158 quis
1151 1081 1186 1140 ad
1217 1082 1273 1141 ista

200 1184 317 1227 summa
339 1173 426 1240 atque
442 1163 474 1222 in
491 1164 573 1222 omni
595 1181 701 1241 genere
723 1167 851 1241 perfecta
873 1173 970 1242 potest
991 1162 1170 1242 pervenire?
1193 1166 1272 1225 Tum

199 1252 261 1311 ille:
298 1251 359 1328 Ego
381 1265 468 1323 vero,
497 1248 609 1325 inquit,
639 1248 717 1325 quod
740 1249 771 1308 in
793 1248 877 1309 vohis
901 1251 1047 1328 egregiam
1070 1250 1220 1328 quandam
1242 1269 1278 1310 ac

198 1333 375 1413 praeclaram
397 1333 529 1392 indolem
554 1332 590 1392 ad
613 1333 771 1392 dicendum
793 1352 857 1394 esse
886 1335 1027 1412 cognovi,
1057 1335 1167 1394 idcirco
1200 1335 1280 1396 haec

200 1419 324 1497 exposui
348 1417 463 1489 omnim
493 1435 549 1477 nec
572 1417 663 1496 magis
687 1418 722 1478 ad
744 1436 794 1477 eos
817 1419 1017 1491 deterrendos,
1041 1421 1176 1496 quinon
1198 1439 1273 1497 pos-

199 1511 279 1575 sent,
311 1502 457 1580 quemad
480 1521 548 1578 vos,
582 1503 633 1582 qui
661 1503 802 1582 possetis,
835 1505 1020 1563 exacuendos
1051 1504 1274 1564 accommodavi

199 1588 362 1650 orationem
383 1605 497 1660 meom3
520 1596 548 1646 et
570 1605 749 1665 quamquam
763 1589 795 1648 in
814 1597 942 1666 utroque
963 1597 1096 1649 vestrum
1118 1607 1274 1649 summum

200 1691 264 1733 esse
286 1672 438 1752 ingenium
460 1673 650 1751 studiumque
672 1673 818 1752 perspexi,
842 1681 941 1733 tamen
958 1675 1038 1746 haec,
1062 1692 1136 1752 quae
1153 1669 1273 1750 sunt'in

199 1759 296 1837 specie
318 1758 422 1836 posita,
445 1757 602 1837 dequibus
620 1759 704 1836 plura
720 1761 844 1818 fortasse
861 1758 929 1829 dixi,
952 1776 1042 1836 qnam
1059 1759 1154 1818 solent
1170 1759 1274 1818 Graeci

201 1844 306 1916 dicere,
334 1844 365 1902 in
388 1850 426 1922 te,
454 1843 579 1921 Sulpici,
610 1843 707 1903 divina
729 1852 806 1902 sunt.
857 1843 918 1920 Ego
942 1845 1021 1904 enim
1045 1845 1194 1903 neminem
1218 1861 1276 1902 nec

201 1937 284 1988 motu
309 1929 442 2007 corporis
465 1945 563 2005 neque
587 1928 653 2004 ipso
684 1927 783 1988 habitu
814 1934 900 2006 atque
930 1930 1027 1988 forma
1050 1922 1198 2007 aptiorem
1217 1947 1274 1988 nec

202 2032 273 2073 voce
306 2013 471 2092 pleniorem
504 2020 553 2072 aut
588 2014 754 2072 suaviorem
791 2013 862 2072 mihi
897 2013 998 2074 videor
1030 2013 1163 2084 audisse3
1181 2023 1275 2090 'quae

200 2098 307 2175 quibus
330 2117 347 2157 a
369 2106 472 2157 natura
492 2097 608 2156 minora
631 2096 695 2156 data
718 2106 801 2170 sunt,
834 2105 932 2157 tamen
961 2099 1032 2158 illud
1055 2097 1178 2177 adsequi
1199 2117 1274 2176 pos-

201 2192 278 2256 sunt,
301 2191 334 2242 nt
353 2181 398 2262 iis,
420 2199 495 2260 quae
518 2180 634 2258 hahent,
657 2181 772 2241 modice
795 2191 823 2242 et
844 2183 970 2243 scienter
985 2191 1106 2243 utantur
1129 2192 1157 2242 et
1178 2192 1276 2252 utne

200 2267 344 2328 dedeceat.
389 2267 421 2326 ld
443 2267 522 2326 enim
545 2273 589 2326 est
611 2267 738 2327 maxime
764 2267 918 2326 uitandum
942 2269 1027 2328 etde
1050 2269 1108 2327 hoc
1130 2285 1190 2327 uno
1215 2268 1274 2328 mi·

268 2439 295 2484 in
321 2451 363 2485 rao
381 2449 467 2498 genere
490 2431 524 2480 ist
549 2432 587 2482 als
613 2433 763 2483 attributive
789 2433 956 2502 Bestimmung
980 2450 1027 2498 eng
1051 2434 1096 2484 mit
1113 2431 1218 2482 Roscius
1243 2449 1275 2482 zu

200 2503 346 2564 verbinden‚
364 2502 444 2550 daher
456 2501 652 2563 voraugestellt:
671 2501 711 2550 eiu
724 2499 829 2551 Roscius
843 2502 868 2550 in
882 2502 975 2552 seinem
987 2502 1070 2565 Fech3
1090 2502 1140 2565 vgl.
1155 2503 1197 2564 ot,
1213 2503 1274 2554 258.

269 2573 437 2620 absolutionem
451 2569 668 2633 perfectionemque
691 2569 725 2618 ist
754 2571 798 2620 der
817 2570 955 2620 klassische
972 2570 1104 2621 Ansdruelr
1122 2567 1164 2618 tur
1182 2583 1274 2619 unser:

200 2638 239 2689 die
258 2639 362 2688 hitehste
381 2637 621 2700 Vollkommenheit3
639 2654 731 2689 camma
743 2642 862 2704 perfectio
879 2640 956 2689 findet
973 2639 1026 2689 sich
1045 2639 1093 2690 nie.

268 2710 313 2770 qui
329 2723 379 2756 non
392 2715 481 2768 potest:
499 2720 553 2756 wer
572 2707 645 2756 kciue
659 2705 794 2770 Fiihigkeit
811 2706 916 2769 hesitat3
929 2725 1001 2770 posse
1016 2708 1116 2758 absolut
1133 2706 1273 2770 gebraneht

200 2776 250 2825 wic
269 2777 302 2826 29
332 2778 378 2826 131
397 2792 426 2825 u.·
439 2773 469 2824 ll.
488 2776 529 2839 20,
549 2777 594 2826 86:
610 2779 655 2838 qai
671 2779 758 2840 optime
769 2785 854 2837 patret.
923 2827 925 2832 ,

270 2811 321 2914 iti.
343 2845 398 2895 131.
432 2860 474 2894 nec
490 2848 566 2908 magia
583 2850 631 2894 cet.
668 2842 728 2894 Wir
748 2844 842 2893 keltren
860 2843 1018 2907 gewdhnlich
1036 2843 1075 2893 die
1097 2841 1200 2892 Glieder
1217 2858 1273 2892 um:

198 2910 276 2962 Nicht
295 2911 415 2977 weniger,
434 2927 473 2960 mn
490 2913 553 2961 euch
572 2929 596 2961 u.
619 2928 639 2962 s.
658 2928 690 2962 ιι.

267 2984 413 3032 exacuendos
429 3002 463 3022 =
481 2984 630 3042 excitandam
650 2980 701 3044 vgl.
719 2981 751 3028 ed
768 2980 822 3032 Att.
840 2978 897 3032 Xll.
918 2983 959 3045 36,
978 2983 1006 3032 2:
1026 2983 1096 3031 celim
1114 2983 1233 3031 cohortere
1252 2990 1275 3030 et

191 3042 299 3100 *maenas
315 3051 439 3099 Oloatium.

267 3120 294 3165 in
311 3119 392 3178 speeie,
413 3132 433 3167 s.
451 3118 493 3176 25,
514 3118 570 3169 114.
612 3115 705 3165 Falsch
728 3116 797 3164 wilre
817 3131 857 3178 es,
884 3133 914 3164 zu
933 3116 1024 3166 diesem
1041 3115 1126 3166 Subst.
1146 3117 1210 3165 noch
1230 3133 1274 3167 ea-

198 3196 268 3237 terna
287 3181 476 3247 hinzuauliigen.

271 3255 328 3305 132.
345 3256 462 3302 naninem
479 3268 521 3300 nec
532 3262 597 3302 nicta
614 3256 721 3314 corporis
738 3279 771 3288 —·
786 3255 901 3314 aptiorem
920 3259 968 3305 cet.
989 3255 1050 3302 mini
1068 3257 1150 3304 videor
1167 3257 1272 3304 acediam.

202 3321 260 3374 Wir
277 3337 354 3385 sagea
372 3320 465 3369 lieber:
501 3318 544 3368 leh
562 3319 653 3382 glaube
676 3319 791 3370 niemand
813 3322 902 3385 gehiirt
920 3337 950 3370 zu
969 3321 1065 3383 haben,
1097 3322 1183 3371 dassen
1206 3318 1272 3371 ltue-

199 3390 381 3458 porbqwegung
405 3402 594 3451 ongemessener
618 3403 731 3451 gewoson
759 3389 844 3456 wilre,
872 3390 994 3440 wllhreud
1020 3389 1064 3439 der
1082 3388 1202 3439 Latoiuer
1231 3389 1273 3439 die

199 3457 361 3522 Eigenschait
385 3456 547 3506 unmittclbar
570 3454 616 3505 aul
637 3455 676 3506 die
700 3454 795 3508 Person
819 3457 898 3508 selbst
924 3457 1032 3508 bezieht.
1068 3458 1126 3520 Vgl.
1145 3460 1186 3519 25,
1208 3460 1273 3510 115:

199 3538 256 3579 sant
272 3530 370 3590 qnidam
389 3535 431 3577 aar
449 3529 483 3575 ita
503 3528 748 3590 iinpaaitacsitantes
765 3533 811 3577 cet.

269 3601 365 3647 minora
382 3599 446 3658 data,
462 3593 510 3643 wie
532 3594 586 3643 dom
606 3593 694 3655 Cotta,
723 3595 843 3644 wolehem
866 3595 911 3644 der
928 3592 1043 3657 folgende
1062 3593 1129 3643 Rath
1148 3607 1273 3657 vorzugs-

200 3664 277 3716 weise
298 3664 359 3730 gilt3
378 3664 429 3728 vgl.
446 3664 514 3712 Brut.
534 3665 574 3727 55,
594 3665 657 3713 202:
683 3666 748 3713 Ootta
766 3691 799 3699 —-
818 3674 846 3715 nt
862 3667 895 3713 ad
911 3667 1075 3725 infirmitatem
1093 3667 1196 3712 lateram
1211 3679 1273 3723 per-

200 3738 299 3784 scienter
317 3737 486 3784 contentionem
504 3735 748 3796 omnem‘remirerat,
773 3736 807 3782 sie
823 3737 857 3784 ad
872 3735 962 3783 viriam
979 3733 1159 3782 imbecillitatem
1179 3734 1276 3781 dicendi

200 3805 385 3852 accommodabat
402 3819 490 3867 penam
520 3801 549 3850 de
571 3816 605 3849 or.
623 3797 665 3848 lll.
686 3802 709 3861 8,
730 3803 774 3851 31:
806 3803 917 3851 Limatus
937 3804 997 3851 alter
1021 3797 1106 3864 (Cotta)
1128 3809 1149 3849 et
1167 3803 1272 3862 subtilis,

200 3887 250 3920 rem
273 3874 394 3932 explicans
411 3872 522 3934 propriis
545 3873 653 3932 aptisque
676 3872 760 3918 certic.
800 3872 891 3920 Haeret
915 3874 941 3918 in
966 3885 1038 3918 caasa
1063 3883 1154 3928 semper
1174 3871 1276 3931 etquid

199 3942 277 3990 iudici
287 3941 440 4000 probandam
455 3943 487 3989 sit
504 3955 556 3989 cnm
574 3940 708 3988 maticeime
725 3940 799 4000 cidit,
823 3941 917 3988 omissio
934 3942 1017 3988 ceteris
1036 3940 1183 4002 argumentis
1203 3939 1229 3985 in
1249 3951 1274 3985 eo

200 4017 300 4060 mentem
319 4012 496 4072 orationemque
513 4011 599 4072 dcflpr't.
642 4004 679 4055 Zn
697 4015 774 4056 tamen
793 4006 843 4069 vgl.
863 4009 904 4068 25,
926 4008 982 4058 115.
