2826 4520
142 292 147 301 ’
181 325 243 392 105
366 327 410 377 nn
429 325 591 390 onaronn,
609 328 652 377 na
666 327 684 377 r.
702 343 755 393 up.
770 330 811 379 aa.
831 330 872 380 aa.
892 325 907 391 t
926 329 1067 380 ise-toa.

180 484 280 544 canda.
325 485 424 544 Genus
450 492 547 544 alitem
577 484 694 554 estid,
728 483 809 562 quod
839 483 885 544 sui
905 483 1014 543 similos
1041 483 1255 543 communione

180 570 316 648 quadam,
339 570 435 646 speeie
456 580 552 629 autem
576 569 747 644 differentis,
771 568 843 628 duas
866 577 916 630 aut
936 568 1028 646 pluris
1048 569 1255 647 complectitur

180 656 280 734 partis.
327 655 426 715 Partes
442 662 538 715 atatem
560 663 638 725 sum,
661 672 735 732 quae
758 654 915 733 generibus
937 655 982 726 iis',
1002 673 1038 714 ex
1060 654 1169 732 quibus
1187 673 1253 714 ma-

179 750 259 815 nant,
284 740 485 806 subiciuntur:
511 740 677 818 omniaque,
701 757 775 817 quae
796 749 866 800 sunt
885 740 931 800 vel
953 759 1096 818 generum
1119 739 1164 799 vel
1181 759 1252 820 par-

180 827 253 888 tium
277 827 405 896 nomina,
425 825 653 897 definitionibus,
676 843 764 904 qnam
782 825 841 884 vim
863 824 996 898 habeant,
1019 834 1063 886 est
1080 825 1253 904 exprimen-

181 912 262 972 dum,
306 913 358 972 Est
377 911 456 971 enirn
480 911 609 970 definitio
636 929 737 970 rerum
768 929 886 983 earum,
919 929 993 989 quae
1020 919 1091 971 sunt
1119 911 1182 972 eius
1210 911 1255 971 rei

181 998 326 1076 propriae,
349 1015 437 1074 quam
453 995 575 1056 definire
596 996 744 1067 volumus,
765 995 862 1056 brevis
878 1004 906 1056 et
922 997 1143 1076 circumscripta
1159 1013 1255 1073 quae·

111 1083 167 1132 ¹9⁰·
181 1083 248 1143 dam
272 1082 432 1160 explicatio.
477 1081 563 1141 Hisce
585 1100 638 1160 ego
664 1081 754 1142 rebus
783 1081 915 1160 exempla
941 1081 1150 1160 adiungerem,
1185 1082 1254 1153 nisi,

181 1168 259 1247 apud
280 1186 357 1245 quos
380 1167 450 1226 haec
466 1165 623 1227 haberetur
640 1168 741 1242 oratio,
769 1185 929 1227 cernerem.
966 1167 1052 1226 Nunc
1074 1167 1255 1245 complectar

182 1253 262 1332 quod
285 1252 427 1330 proposui
446 1251 536 1312 brevi.
581 1253 611 1313 Si
634 1253 712 1312 enim
736 1263 784 1312 aut
807 1253 878 1312 mihi
901 1255 996 1312 lacere
1017 1251 1146 1323 licuerit,
1171 1253 1253 1330 quotl

179 1340 238 1400 iam
261 1338 311 1398 tiu
333 1337 443 1415 cogito,
463 1346 512 1398 aut
534 1338 606 1398 alius
627 1338 773 1416 quispiam
797 1346 847 1397 aut
868 1355 915 1397 me
937 1337 1077 1415 impedito
1102 1338 1256 1416 occuparit

179 1431 230 1484 aut
257 1431 375 1483 mortuo
405 1423 547 1496 effecerit,
578 1432 610 1483 ut
638 1423 767 1500 primum
799 1441 887 1482 omne
915 1423 961 1482 ius
984 1423 1066 1482 civile
1090 1423 1121 1482 in
1145 1441 1256 1502 genera

180 1509 306 1586 digerat,
340 1526 414 1586 quae
444 1526 588 1587 perpauca
618 1519 702 1578 sunt,
736 1508 840 1568 tleinde
870 1527 975 1568 eorum
1003 1527 1145 1586 generum
1170 1510 1257 1586 quasi

180 1593 324 1671 quasdam
347 1592 479 1654 membra
502 1594 666 1673 dispertiat,
697 1602 758 1654 tum
778 1593 928 1672 propriam
950 1593 1093 1671 cultasque
1116 1594 1176 1654 vim
1199 1595 1254 1654 (le-

179 1679 312 1739 fmitione
334 1679 467 1751 declaret,
492 1682 651 1758 perlectam
675 1689 764 1739 artem
781 1679 853 1738 iuris
872 1678 961 1738 civilis
983 1679 1135 1751 habebitis
1159 1682 1255 1758 magis

109 1776 164 1826 191.
180 1783 316 1844 magnam
338 1773 425 1843 atque
447 1765 584 1835 uberem,
613 1783 702 1844 quam
725 1764 871 1824 difficilem
895 1773 923 1824 et
945 1764 1111 1824 obscuram.
1156 1765 1256 1843 Atque

178 1853 289 1912 interea
311 1860 419 1921 tamen,
452 1851 523 1911 alum
544 1851 624 1922 haee,
657 1868 731 1928 quae
754 1849 884 1928 dispersa
905 1858 990 1921 sunt,
1019 1858 1177 1928 cogantur,
1208 1851 1257 1912 vel

27 1955 41 1981 τ
179 1937 287 2016 passim
317 1937 384 1997 licet
414 1944 582 2014 carpentem
609 1944 636 1995 et
663 1935 846 2012 colligentem
875 1934 1007 2012 trudique
1041 1935 1147 2014 repleri
1177 1936 1256 1997 iusta

27 2035 31 2041 ·
110 2019 251 2083 43·iuris
272 2023 363 2083 civilis
386 2022 514 2082 scientia.
559 2022 665 2080 Nonne
687 2020 790 2080 vitetis
820 2021 947 2098 equitem
970 2021 1154 2092 Romanum,
1193 2022 1254 2084 ho-

179 2095 290 2168 minem
310 2107 476 2168 acutissimo
499 2106 633 2166 omnium
655 2106 783 2184 ingenio,
806 2106 856 2166 secl
878 2105 999 2166 minime
1019 2106 1122 2166 ceteris
1139 2107 1256 2169 artibus
1306 2104 1312 2113 ’

179 2194 343 2265 eruditum,
376 2191 406 2251 C.
430 2192 626 2263 Aculeonem,
660 2191 711 2268 qui
733 2209 850 2252 mecum
880 2191 950 2251 vivit
971 2209 1149 2270 semperque
1172 2194 1255 2268 vixit,

177 2383 226 2417 esse
245 2367 343 2428 definita
360 2379 410 2412 uou
430 2365 504 2410 solum
529 2375 640 2421 ustmu‘o,
666 2363 708 2408 ssd
730 2362 800 2410 etiam
819 2365 957 2422 puuctum
983 2360 1013 2409 ‹le
1034 2360 1084 2408 iar.
1104 2358 1122 2408 l.
1143 2361 1184 2420 22,
1205 2364 1255 2412 32:

178 2435 355 2497 quassantium
374 2446 456 2480 rmum
474 2432 627 2478 distributam
653 2431 755 2478 continet
778 2432 962 2491 expositionem,
990 2431 1046 2479 hacc
1070 2430 1155 2478 habere
1172 2432 1256 2482 debet:

177 2506 319 2562 breuitatem,
336 2501 512 2558 absolutionem,
527 2499 678 2558 puuu'taum.

86 2619 90 2627 ,
248 2571 423 2628 commuuione,
445 2567 467 2615 t.
486 2567 510 2616 h.
530 2566 607 2614 durch
626 2565 670 2613 dos
688 2565 852 2628 gemeinsame
871 2563 1118 2630 Gattnngsmerkmal
1136 2566 1193 2616 siml
1213 2569 1256 2620 clio

162 2639 256 2690 ,Arten
278 2638 322 2687 der
339 2634 452 2698 Gattung
469 2634 548 2684 selhst
565 2633 673 2682 tihnlich.

243 2710 336 2768 parus:
354 2705 399 2754 der
417 2703 462 2752 lat.
481 2701 613 2752 ausdruck
631 2700 672 2751 fiir
690 2699 794 2765 ‘Arten’,
814 2717 900 2752 ausser
916 2707 1003 2764 spectes
1023 2705 1072 2754 und
1084 2708 1181 2770 formu.

246 2779 362 2838 destinatio.
399 2771 456 2836 Vgl.
479 2788 514 2821 or.
534 2773 574 2834 33,
597 2773 657 2823 116:
684 2783 717 2822 cst
736 2775 844 2834 destinatio
861 2777 946 2833 oratio,
964 2789 1025 2837 quau
1040 2778 1102 2837 quid
1117 2780 1149 2826 sit
1171 2777 1205 2836 aial,
1226 2781 1257 2828 ds

176 2863 224 2910 quo
245 2848 334 2910 opiter,
353 2845 454 2892 osteudit
471 2844 613 2892 breuissime.

245 2931 327 2964 rerum
346 2916 508 2962 consumuat:
530 2911 574 2959 der
590 2908 769 2959 wesentlichea
788 2907 933 2960 Merkmale.

214 2985 216 2992 ‘
245 2984 437 3040 circumscripta:
461 2978 588 3030 bestimmt
607 2978 770 3040 abgegronzt3
789 2977 837 3040 rgl.
860 2981 899 3041 15,
916 2981 956 3031 52,

249 3052 304 3102 190.
339 3051 482 3110 haberetur,
510 3046 609 3096 wioin
629 3047 674 3096 der
691 3045 769 3109 Regel
792 3043 817 3093 in
842 3047 886 3096 der
904 3046 1092 3113 hbhh'ngigkeit
1116 3063 1166 3097 ron
1194 3052 1254 3100 clem

176 3117 388 3188 hypothetischen
409 3115 478 3179 Conj.
497 3113 566 3180 lmpl.
585 3115 623 3164 od.
642 3113 739 3180 quupl.
758 3119 823 3163 statt
840 3116 882 3165 des
901 3115 970 3166 Pstis.
1003 3116 1060 3180 Vgl.
1081 3118 1112 3166 acl
1131 3116 1189 3168 lam.
1210 3117 1256 3171 lll.

180 3194 202 3252 1,
224 3192 250 3241 1:
283 3189 312 3237 Si
329 3191 382 3248 ipsa
400 3202 438 3234 res
454 3188 551 3246 publicu
565 3187 610 3235 tibi
629 3201 732 3234 narrare
747 3193 837 3245 posset,
862 3201 908 3248 quo
924 3189 992 3236 modo
1011 3203 1059 3236 sess
1076 3189 1178 3252 haberet,
1201 3205 1255 3239 nou

170 3261 275 3323 facilius
292 3273 320 3306 eu
337 3272 365 3306 eu
381 3269 517 3320 coquosoers
526 3267 605 3315 posses
623 3269 695 3317 quum
713 3269 742 3302 ex
760 3253 843 3303 liberm
854 3263 895 3304 tuo
911 3255 1020 3316 Pham'a;
1041 3261 1118 3305 uuten
1131 3259 1173 3318 48,
1190 3259 1253 3311 210,

247 3335 290 3376 aut
307 3351 341 3360 —-
359 3333 408 3386 aut,
429 3339 448 3372 s.
469 3339 489 3371 z.
508 3326 532 3384 9,
555 3325 595 3375 35.

176 3398 323 3514 ίαοιιῐίᾳέοοὶξῐ
332 3411 398 3525 :aqu
408 3395 450 3510 det?
462 3401 557 3511 ssllglo
566 3389 805 3522 cillemllellssloillrlahg
824 3391 1037 3510 lluolshrllllrlgohlllrt
1049 3393 1255 3514 Rtletaphttstpsppp

176 3533 294 3584 vorlaren
313 3543 474 3595 gegangenen
492 3526 604 3579 Schrilt:
630 3531 658 3578 ds
676 3531 731 3577 iure
748 3531 815 3578 uituli
833 3530 861 3577 iu
879 3539 956 3580 urum
976 3533 1103 3594 redtpeudo
1120 3531 1256 3595 liogannes

175 3603 257 3664 hatte,
278 3603 342 3650 ohne
362 3599 399 3649 sio
418 3597 510 3662 judoch
528 3613 558 3646 zu
576 3595 716 3646 vollemlon.

245 3673 382 3720 obscuram:
406 3665 622 3729 unversth’ndlioh,
643 3662 837 3726 uniihersehhar‚
857 3663 906 3714 wie
924 3663 954 3716 ll.
974 3669 1015 3731 20,
1035 3669 1082 3720 84:
1110 3680 1169 3720 sum
1187 3676 1256 3722 anim

176 3741 363 3789 innumerabiles
380 3740 408 3786 de
425 3739 464 3786 his
481 3737 552 3785 rubeas
573 3737 632 3784 libri
646 3748 721 3796 nequo
740 3735 816 3783 abusu
832 3747 909 3796 nsque
925 3737 1031 3798 obsura-q
1041 3769 1043 3778 ·
1053 3736 1120 3786 ebds.
1134 3739 1176 3799 24,
1193 3741 1255 3794 100,

248 3808 304 3858 191.
341 3809 417 3869 iusta,
444 3803 545 3854 hiereo
564 3799 672 3850 riolals
690 3803 786 3850 tdouem
818 3801 957 3864 genugsnt,
976 3806 1172 3870 entspreehentl,
1199 3809 1254 3860 wie

176 3889 212 3924 or.
230 3875 272 3930 41,
293 3876 352 3924 140:
372 3876 436 3922 iusta
453 3882 511 3922 esset
528 3871 654 3919 excusatio.

245 3936 297 3996 43.
335 3939 361 3990 C.
381 3939 477 3990 Aculeo
495 3941 567 3988 hatte
589 3934 629 3985 die
649 3932 791 3983 Sehwester
808 3949 857 3984 von
875 3935 985 3990 Cicero’s
1004 3940 1101 3992 Mutter
1118 3959 1164 3993 zur
1182 3942 1257 3997 Fran

175 4009 225 4060 und
244 4006 309 4057 wird
328 4007 391 4058 anch
409 4006 438 4057 ll.
461 4010 482 4070 1,
500 4007 514 4057 2
536 4003 659 4054 erutihot.
