2814 4526
333 293 376 344 nn
397 293 560 356 onaronn,
580 293 623 344 tu.
639 294 657 344 1.
676 311 729 362 esp.
743 297 783 348 so.
802 297 888 357 snat.
910 297 967 348 ean.
1129 293 1190 358 139

115 459 161 510 est
193 448 305 512 oratori
329 457 389 510 tam
415 449 615 510 necessarium
643 468 732 528 quam
755 447 835 510 vor?
869 451 980 511 Tamen
1002 467 1049 509 me
1071 457 1190 510 auctore

116 553 209 594 nemo
245 533 371 596 dicendi·
389 533 540 595 studiosus
566 535 745 596 Graecorum
776 553 859 595 more
887 531 1096 614 tragoedorum
1125 535 1191 594 voci

115 620 237 690 serviet,
260 619 356 697 quiet
376 637 470 680 annos
493 620 653 697 compluris
677 621 811 682 sedentes
835 620 1018 682 declamitant
1033 627 1061 679 et
1077 618 1191 692 cotidie,

115 715 187 766 ante
210 722 301 784 quam
322 705 524 783 pronuntient,
552 723 654 766 vocem
677 705 818 768 cubantes
841 705 952 766 sensim
971 705 1097 766 excitant
1118 723 1190 764 ean-

116 790 260 868 demque,
284 807 352 850 cum
374 799 505 868 egerunt,
537 789 671 850 sedentes
694 791 729 850 ab
752 791 921 852 acutissimo
943 810 1017 852 sono
1040 791 1191 868 usquead

117 875 330 954 gravissimum
354 893 463 935 sonum
485 875 631 953 recipiunt
647 883 675 936 et
687 876 773 954 quasi
788 876 917 954 quodam
932 876 1020 936 modo
1043 875 1191 953 colligunt.

115 961 184 1021 Hoc
212 979 269 1020 nos
300 961 326 1021 si
348 963 443 1020 facere
472 960 606 1032 velimus,
637 968 704 1021 aitte
734 960 971 1022 condemnentur
991 961 1030 1032 ii,
1062 978 1192 1039 quorum

117 1063 224 1106 causas
244 1045 453 1123 receperimus,
476 1063 564 1124 quam
587 1045 702 1118 totiens,
724 1047 861 1124 quotiens
881 1045 1098 1124 praescribitur,
1120 1064 1191 1123 pae-

115 1149 206 1192 anem
229 1139 281 1191 aut
299 1132 446 1210 hymnum
468 1129 659 1191 recitarimus.
710 1132 825 1204 Quodsi
845 1131 876 1192 iu
899 1142 999 1210 gestu,
1035 1132 1086 1209 qui
1112 1131 1262 1190 mul-252.

117 1226 184 1278 tum
205 1224 355 1276 oratorem
376 1215 500 1293 adiuvat,
523 1224 552 1276 et
572 1215 604 1276 in
619 1235 699 1290 voce,
723 1235 797 1294 quae
820 1236 880 1276 una
900 1218 1026 1277 maxime
1048 1216 1191 1294 eloquen-

117 1302 192 1363 tiam
212 1301 259 1361 vel
276 1301 463 1362 commendat
482 1301 529 1362 vel
550 1301 683 1375 sustinet,
704 1302 852 1362 elaborare
875 1301 961 1363 nohis
988 1320 1049 1362 uon
1070 1302 1137 1362 lieet
1158 1321 1191 1361 ac

116 1395 235 1448 tantum
261 1385 293 1447 in
314 1395 440 1465 utroque
467 1385 589 1463 adsequi
620 1405 801 1465 possumus,
835 1397 978 1466 quantum
1004 1387 1035 1447 in
1056 1387 1109 1447 hae
1130 1386 1191 1447 acie

115 1471 259 1533 cotidiani
282 1471 414 1532 muneris
437 1471 520 1549 spatii
537 1470 622 1532 nobis
639 1472 738 1533 datur:
763 1481 872 1552 quanto
896 1473 994 1532 minus
1009 1472 1103 1534 estad
1117 1472 1190 1533 iuris

115 1557 211 1618 civilis
233 1557 422 1635 perdiscendi
442 1556 664 1634 occupationem
683 1555 947 1618 descendendum?
967 1557 1047 1635 quod
1065 1566 1093 1618 et
1107 1577 1190 1618 sunt-

116 1643 223 1703 matim
244 1641 355 1720 percipi
378 1642 441 1702 sine
464 1641 596 1703 doctrina
622 1651 718 1720 potest
740 1652 767 1704 et
789 1643 865 1702 hanc
881 1642 967 1703 hahet
980 1642 1016 1702 ab
1030 1643 1086 1702 illis
1102 1643 1191 1704 rebus

115 1727 407 1800 dissimilitudinem,
443 1727 523 1805 quod
544 1746 603 1788 vox
623 1737 652 1788 ct
672 1737 770 1806 gestus
800 1727 896 1788 subito
927 1729 1004 1788 sumi
1026 1738 1054 1788 et
1075 1727 1193 1789 aliunde

189 1982 227 2015 me
244 1975 348 2026 auctore,
366 1963 417 2028 vgl.
440 1965 478 2025 12,
498 1967 538 2017 64.

190 2035 337 2085 &aramum
363 2051 428 2084 more
453 2037 630 2098 trapecitarum,
660 2032 724 2083 deon
749 2031 817 2083 diese
835 2032 1006 2095 Stimm'dbung
1027 2047 1082 2080 war
1107 2040 1193 2083 zuerst

113 2119 167 2154 von
196 2102 244 2153 den
264 2102 437 2166 griechischen
458 2101 589 2165 Tragdden
615 2115 790 2166 ausgegangen
815 2101 865 2151 und
890 2101 975 2152 wurde
1005 2101 1069 2149 auch
1087 2101 1193 2151 zumeist

113 2189 167 2222 von
190 2171 276 2222 diesen
295 2171 429 2221 hctriehen.

188 2244 282 2303 ιιινίιι,
302 2255 323 2295 s.
341 2256 363 2288 z.
381 2243 406 2302 4,
428 2241 473 2291 13:
492 2241 628 2302 inserviret,
646 2237 695 2288 und
713 2239 764 2302 vgl.
778 2237 820 2288 ΙΙΙ.
841 2241 881 2300 60,
901 2239 964 2290 224:
984 2241 1049 2288 allud
1064 2241 1112 2289 e'am
1129 2241 1193 2290 emit

113 2313 150 2360 ad
170 2312 215 2359 lanc
229 2312 395 2370 praesumendi
408 2325 495 2374 penus,
511 2325 581 2372 quem
600 2311 633 2357 nd
650 2311 744 2358 modum
762 2310 815 2359 uoci
829 2311 963 2369 ιιι-νιαιιινς
988 2310 1094 2372 equidem
1113 2317 1192 2357 tamen

114 2395 206 2444 maeno
224 2395 293 2439 opere
311 2393 390 2428 omero
409 2380 568 2428 seruiendum.

186 2451 354 2510 pronuntient,
373 2461 392 2495 s.
411 2462 432 2495 z.
455 2449 493 2506 15,
512 2447 553 2497 66.

191 2521 325 2576 recipiunt:
351 2514 551 2576 herabstimmen,
570 2514 615 2564 das
633 2512 783 2578 Gegentheil
800 2528 849 2562 von
867 2517 981 2565 excitant:
1009 2512 1130 2577 strigem,
1147 2528 1193 2562 an-

117 2583 262 2636 schwellen
281 2583 371 2633 lassen.
419 2582 500 2633 Uebcr
522 2581 561 2632 die
582 2582 662 2632 Sache
685 2581 764 2631 selbst
782 2582 831 2646 vgl.
852 2581 956 2646 Quintil.
973 2580 1018 2631 XI.
1036 2583 1060 2644 3,
1081 2583 1128 2633 22:
1166 2593 1194 2635 ut

119 2657 281 2707 communiter
300 2663 323 2704 et
335 2655 467 2714 phonascis
480 2662 501 2702 et
518 2655 652 2702 oratoribus
667 2655 799 2701 neucesaria
816 2655 959 2715 exercitatio,
977 2654 1122 2713 quaomnia
1140 2668 1194 2702 con·

116 2727 259 2784 calamna,
290 2725 325 2772 r'ta
343 2738 415 2771 αιναι
437 2737 487 2788 non
510 2723 571 2771 idem
592 2737 666 2785 penus
689 2730 729 2769 est.
774 2723 837 2770 Nam
860 2737 934 2782 neque
960 2730 1022 2770 cerm
1041 2721 1146 2782 tempora
1162 2725 1196 2770 ad

116 2794 278 2854 spatiandum
301 2794 359 2840 duri
369 2799 472 2852 pareunt
495 2791 652 2840 ceruicalibus
676 2789 766 2850 officim
788 2800 910 2848 occuparo,
935 2805 977 2838 nm
994 2803 1145 2848 praeparare
1164 2792 1193 2840 ab

116 2863 178 2911 imis
193 2863 261 2910 sonis
279 2875 355 2910 coeam
372 2862 406 2908 ad
424 2875 539 2921 summor,
564 2874 606 2908 nec
622 2873 712 2918 semper
734 2874 749 2906 α
768 2861 914 2908 concentione
931 2861 1030 2908 condere
1047 2854 1092 2922 (=
1103 2853 1192 2922 finire)

115 2933 187 2990 licet,
213 2945 267 2978 cum
282 2930 398 2990 plurilus
415 2931 512 2978 iudiciis
532 2943 600 2989 saepe
618 2928 743 2976 dicendum
761 2929 799 2976 αἰ.

191 3000 310 3060 hymnum
327 2999 483 3046 recitaremus.
527 2994 560 3044 So
581 2995 682 3044 werden
701 2995 764 3044 auch
782 2993 848 3044 Plat.
867 2993 951 3061 Symp.
968 3007 991 3058 p.
1014 2995 1062 3045 tlt
1077 2991 1113 3042 A:
1145 2985 1193 3046 ἅλ-

116 3070 182 3124 λοις
199 3069 254 3137 μέν
274 3083 330 3117 νισι
353 3066 428 3116 θεῶν
454 3058 560 3136 ὕμνους
583 3066 631 3115 καὶ
652 3064 775 3122 παιᾶνας
797 3061 842 3128 (al.
871 3058 1009 3127 παιῶνας)
1037 3060 1109 3115 εἶναι
1136 3057 1193 3114 ὑπὸ

115 3135 178 3188 τῶν
193 3135 321 3200 ποιητῶν
339 3136 556 3204 πεποιημένους,
574 3132 665 3182 Athen.
681 3131 743 3183 XIV
763 3147 785 3196 p.
799 3134 849 3184 626
860 3133 889 3182 B:
908 3128 985 3204 παρὰ
1006 3133 1077 3199 γοῦν
1094 3125 1195 3203 μόνοις

115 3199 251 3276 Ἀρκάσιν
275 3205 304 3254 αἱ
327 3203 428 3260 παῖδας
456 3203 485 3254 ἐκ
508 3205 618 3265 νηπίων
642 3195 722 3269 ᾅδειν
747 3201 887 3263 ἐθίζονται
917 3197 987 3252 κατὰ
1012 3193 1103 3272 νόμον
1130 3195 1194 3256 τοὺς

117 3267 136 3324 ὕ
161 3290 230 3330 noue
253 3273 302 3324 καὶ
327 3272 451 3329 παιᾶνας
473 3270 514 3322 die
537 3270 649 3336 Hymnon
676 3271 722 3320 den
746 3268 846 3320 Pianen
872 3268 1046 3332 beigeordnet,
1073 3267 1195 3317 wiihrend

119 3357 160 3392 sle
179 3356 212 3390 on
231 3341 340 3390 anderen
359 3339 455 3390 Stellen
474 3339 511 3390 als
524 3336 744 3402 Gattungsbegriff
761 3337 800 3388 die
815 3337 900 3388 Pdane
917 3339 968 3388 und
984 3337 1076 3386 andere
1089 3335 1193 3386 Lieder-

117 3417 195 3461 urtcn
213 3415 290 3459 noter
308 3407 362 3458 sich
375 3405 511 3473 hegreisen.
543 3407 617 3458 lliese
632 3407 765 3470 Uebnngen
780 3410 868 3471 rotigen
884 3408 948 3457 anch
963 3407 1027 3455 nach
1040 3405 1121 3454 einem
1134 3419 1194 3453 vor-

115 3477 253 3543 liegenden
272 3477 352 3527 Texta
372 3475 507 3541 angestollt
523 3476 625 3526 worden
644 3476 705 3538 sein,
724 3477 802 3526 daher
818 3480 976 3527 rescierimus.

190 3549 249 3599 252.
285 3563 342 3609 una,
361 3562 381 3596 s.
400 3562 421 3596 z.
442 3548 483 3600 22.
505 3548 546 3599 90.

188 3619 355 3679 eloquentum,
371 3614 456 3665 Abstr.
472 3612 512 3664 fiir
529 3616 573 3664 dus
595 3613 695 3678 conor-‚3
713 3616 823 3664 suammet:
842 3610 980 3676 ertriiglich
998 3610 1090 3659 maeht.

189 3694 293 3746 tantum,
313 3699 333 3733 s.
352 3699 373 3736 z.
395 3687 419 3739 4,
440 3687 477 3735 14.

190 3764 307 3818 quantum
326 3779 360 3788 «-
378 3755 458 3814 spatii,
477 3751 528 3814 vgl.
547 3767 569 3804 z.
589 3755 630 3816 47,
650 3753 712 3804 tot:
731 3754 827 3810 oneris,·
847 3754 905 3810 acie,
924 3748 974 3812 vgl.
996 3749 1037 3808 34,
1059 3748 1113 3798 15t.

188 3827 338 3873 summatim:
370 3819 396 3869 in
417 3821 461 3871 der
484 3820 658 3886 Hauptsache,'
686 3820 719 3868 im
744 3819 937 3878 weseutlichen3
969 3814 1071 3865 iihnliclr
1096 3815 1124 3866 ll.
1150 3818 1191 3880 36,

120 3893 186 3954 153;
205 3893 247 3954 61,
269 3893 327 3944 248.

191 3964 309 4021 doctrina,
329 3957 378 4007 wie
400 3960 440 4018 ll,
458 3959 515 4010 204.
