2760 4520
294 327 337 378 oe
355 325 521 394 omroan,
546 326 590 378 uo.
607 325 639 379 u.
658 341 711 392 cap.
731 327 772 379 ee.
791 328 806 388 s
826 327 884 380 aaa.
904 327 962 378 aso.
1105 321 1165 387 183

91 489 174 548 locos
200 483 413 562 distinguentia.
458 481 515 543 Sed
538 481 697 543 verborum
720 485 878 558 memoria,
909 499 984 560 quae
1007 480 1106 542 miuus
1125 490 1168 542 est
1182 467 1302 552 tegata,

94 571 179 634 nohis
196 570 369 640 necessaria,
395 567 506 628 maiore
522 569 685 648 imaginum
700 568 836 629 varietate
851 567 1047 647 distinguitur.
1079 567 1169 628 Multa

95 658 173 718 euim
196 664 267 717 sunt
287 653 385 730 rerba,
410 671 485 731 quae
508 654 592 732 quasi
614 653 727 714 articuli
755 661 914 714 ooneotunt
942 651 1073 713 membra
1101 671 1169 714 ora-

95 743 194 818 tionis,
210 757 286 819 quae
300 739 424 800 formari
438 738 627 800 similitudine
643 739 722 800 nulla
738 747 879 817 possunt3
896 757 1001 800 eorum
1016 737 1170 816 fingendae

96 836 166 888 sunt
187 825 275 887 nohis
297 825 447 902 imagines,
470 823 578 901 quihus
601 842 719 903 semper
741 831 868 885 utamur.
903 825 1015 886 Rerum
1028 825 1171 886 memoria

95 913 220 992 propria
243 919 286 972 est
307 909 448 982 oratoris3
471 927 536 970 eam
556 908 678 988 singulis
700 910 837 989 personis
859 909 935 971 hene
949 909 1052 988 positis
1069 921 1171 970 notare

94 1015 268 1076 possumus,
291 1003 324 1054 ut
344 994 503 1056 sententias
523 993 709 1074 imaginihus,
733 995 868 1056 ordinem
882 995 955 1056 loeis
973 995 1171 1076 eomprehen-

95 1083 211 1144 damus.
255 1081 358 1158 Neque
380 1098 485 1140 rerum
508 1088 560 1154 est,
584 1079 663 1158 quod
686 1079 722 1140 ah
745 1080 891 1142 inertibus
907 1080 1021 1154 dicitur,
1044 1081 1172 1160 opprimi
1186 1093 1242 1144 360.

94 1167 271 1229 memoriam
291 1165 453 1244 imaginum
475 1165 608 1243 pondere
630 1172 658 1226 et
679 1164 831 1227 obscurari
854 1167 941 1227 etiam
962 1167 1003 1240 id,
1026 1166 1106 1245 quod
1118 1185 1172 1245 per

94 1273 127 1314 se
155 1261 261 1314 natura
289 1261 389 1311 tenere
416 1251 569 1328 potuisset.
613 1250 678 1312 Vidi
701 1251 780 1312 enim
803 1270 856 1331 ego
879 1270 1015 1314 summos
1036 1252 1171 1312 homines

95 1347 124 1400 et
146 1338 246 1399 divina
267 1354 361 1415 prope
384 1335 536 1410 memoria,
557 1336 679 1397 Athenis
700 1337 905 1414 Charmadam,
927 1337 958 1397 in
983 1337 1060 1411 Asia,
1083 1354 1172 1415 quem

95 1424 197 1484 vivere
227 1421 316 1482 hodie
339 1420 437 1500 aiunt,
467 1421 622 1501 Scepsium
644 1421 865 1496 Metrodorum,
895 1441 1025 1501 quorum
1047 1430 1173 1502 uterque

94 1520 247 1587 tamquam
269 1507 370 1567 litteris
392 1505 423 1566 in
446 1523 529 1580 cera,
551 1506 594 1568 sio
616 1526 648 1568 se
669 1507 763 1569 aiebat
782 1507 961 1588 imaginihus
980 1509 1021 1571 iu¹
1035 1509 1071 1570 iis
1092 1509 1173 1580 loeis,

95 1661 254 1724 Anordnnog
281 1657 433 1722 aagedeutet
459 1658 562 1708 werden
588 1657 637 1724 (die
664 1657 849 1726 Perspectus),
879 1675 907 1710 so
934 1659 1015 1710 sellen
1043 1659 1107 1710 aueh
1133 1659 1172 1710 die

94 1729 194 1781 Stelleu
220 1726 347 1777 einzelner
373 1724 598 1778 Gedaukeoreihen
624 1727 650 1778 iu
678 1728 758 1779 einem
782 1728 907 1793 Vertrage
935 1729 1012 1779 dureh
1034 1729 1074 1778 die
1092 1727 1173 1780 Wahl

95 1815 148 1850 von
168 1794 482 1847 Bildero‘versehiedener
500 1793 592 1846 Grdsse
609 1798 660 1846 und
680 1795 782 1848 Gestalt
802 1798 950 1863 eingepriigt
968 1797 1078 1849 werden.

167 1861 222 1923 88.
254 1867 312 1918 359.
346 1868 428 1915 minus
451 1874 486 1914 est
508 1868 656 1926 necessaria,
682 1866 743 1916 weil
766 1866 820 1918 sieh
844 1865 884 1917 die
902 1865 996 1918 Worts
1020 1864 1100 1915 leieht
1118 1865 1173 1916 eio-

95 1935 200 1998 stellen,
218 1933 306 1983 sohald
324 1933 364 1983 die
384 1932 464 1982 Suehe
482 1933 658 1998 gegenwiirtig
674 1933 717 1986 ist.

165 2006 329 2068 distinguitur
350 2021 386 2043 =
409 2004 577 2066 distinguendo
603 2007 721 2054 recitetur
748 2004 788 2054 ed.
812 2002 846 2054 im
869 2001 1100 2066 Zosammenhaage
1129 2002 1172 2051 des

94 2073 186 2123 Sernes
206 2075 296 2122 meiere
312 2073 446 2136 imuginum
463 2072 663 2136 distinguentium
682 2077 796 2124 uarietate
812 2075 958 2132 adiuvetur,⁸
977 2071 1023 2122 mit
1042 2070 1174 2120 ihnlieher

94 2141 231 2206 Priigosaz
241 2138 435 2190 desAusdreeks
444 2138 494 2189 wie
504 2146 580 2190 untan
590 2150 673 2192 uetere
682 2142 743 2192 oder
751 2144 793 2205 47,
806 2143 867 2194 195:
880 2144 1047 2202 imperatorem
1056 2149 1173 2190 ernutmu.

167 2226 230 2275 guae
242 2236 275 2244 -
289 2217 427 2260 senuerunt:
453 2208 550 2258 welche
569 2225 616 2258 our
635 2209 781 2267 verbiodan,
802 2211 866 2260 elme
884 2209 1035 2274 eigentliehe
1054 2209 1173 2272 Begrilis-

95 2281 196 2331 w'drier
213 2293 244 2327 zu
261 2277 329 2340 seio3
347 2277 409 2326 iiber
428 2277 472 2326 das
490 2275 639 2343 Asyndeton
658 2278 704 2328 der
719 2277 893 2329 Relativs'aitze
913 2278 962 2342 vgl.
980 2281 1022 2338 28,
1043 2279 1099 2329 125.

167 2349 316 2409 similitudo,
336 2351 450 2396 uenerat:
477 2345 540 2396 Bild.
578 2345 719 2410 Quintilian
736 2346 802 2397 liisst
818 2345 864 2396 Xl.
884 2349 909 2408 2,
928 2349 961 2400 23
980 2346 1049 2396 dtese
1066 2344 1174 2395 Theorie

98 2417 144 2468 der
161 2415 248 2466 hilder
264 2415 315 2464 und
333 2412 396 2464 Orto
413 2412 455 2464 fiir
472 2415 517 2464 dee
535 2414 762 2480 Saohgediiehtniss
780 2415 974 2480 einigermusssn
994 2415 1085 2478 gelteo,
1104 2411 1175 2467 faihrt

97 2487 160 2536 aber
186 2483 251 2534 dano
272 2483 287 2545 ἓ
306 2485 340 2536 24
364 2482 410 2533 mit
430 2482 510 2533 Reeht
532 2481 598 2534 lert:
628 2494 654 2536 at
675 2488 800 2536 uerborum
818 2493 940 2536 contentus
959 2489 1040 2535 eedem
1059 2492 1110 2534 erte
1127 2500 1174 2548 guo

96 2557 167 2605 mede
193 2554 422 2615 comprehendetur?
450 2555 532 2616 mitte,
555 2555 623 2617 gued
645 2558 763 2618 quaedum
786 2557 862 2605 nuliis
881 2557 1018 2604 simulacris
1040 2555 1176 2618 significari

93 2631 210 2687 possunt,
226 2631 255 2672 ut
272 2631 333 2672 uerte
349 2624 540 2672 eenimretienes:
562 2624 689 2673 debeamus
707 2626 770 2674 enum
786 2639 851 2688 sune,
869 2631 898 2672 ut
915 2625 960 2686 qui
974 2625 1040 2674 netis
1058 2624 1173 2682 scribunt,

97 2701 176 2744 sertus
193 2692 309 2754 imagines
327 2693 433 2740 emnium
452 2700 474 2740 et
494 2694 545 2740 lere
561 2693 649 2742 scilieet
666 2695 778 2755 infinite,
795 2708 842 2754 per
859 2708 921 2755 ques
937 2693 1023 2754 uerba,
1045 2700 1103 2756 quet
1121 2699 1176 2740 eunt

98 2765 127 2812 iu
143 2762 252 2824 quinque
270 2768 354 2809 centra
372 2761 469 2810 Verrem
486 2763 601 2810 secundus
614 2764 715 2810 ustionis
730 2763 807 2824 tibris,
827 2762 981 2822 mutuentur,
997 2762 1175 2810 meminerimus

99 2835 172 2882 stium
197 2830 304 2879 omnium
327 2831 400 2890 quusi
422 2830 596 2889 depositorum:
628 2845 709 2879 nenne
725 2833 839 2891 impediri
855 2845 947 2892 guoque
967 2831 1063 2878 dicendi
1077 2845 1175 2878 rursum

99 2913 192 2958 neeesse
209 2905 244 2946 set
261 2899 354 2958 drupiiei
369 2899 495 2946 memorius
513 2900 592 2948 euru?
610 2913 666 2947 num
681 2915 728 2962 guo
745 2900 814 2949 mede
831 2907 947 2959 poterunt
963 2901 1073 2958 reputata
1085 2900 1174 2960 fluere,

99 2971 125 3018 si
143 2975 247 3029 prepter
269 2967 367 3030 singule
383 2965 454 3014 verbu
472 2968 506 3015 ud
522 2969 631 3030 singulus
644 2968 744 3031 fermus
761 2968 936 3028 respiciendum
954 2968 1020 3016 erit?
1046 2981 1094 3029 gua
1111 2983 1137 3014 re
1154 2975 1176 3016 et

100 3037 249 3087 mammeae
262 3043 284 3084 et
295 3035 405 3096 Scepsius
416 3059 444 3069 -
456 3035 618 3099 Metrodorus,
636 3051 696 3098 ques
709 3038 788 3086 Oieere
806 3039 863 3086 dieit
879 3051 935 3085 uses
946 3038 991 3085 itae
1002 3037 1175 3095 musitatione,

100 3108 149 3156 sibi
164 3105 268 3154 iubeant
284 3116 343 3154 suu:
361 3118 406 3151 nes
422 3105 569 3162 simpliciore
585 3107 718 3157 trudemus.

170 3174 260 3236 guidus
283 3187 374 3232 semper
396 3180 509 3222 utamur:
539 3171 594 3221 also
617 3171 773 3222 willkiirlieh
799 3170 928 3235 gswdhlte
952 3171 1002 3221 und
1025 3170 1113 3220 immer
1136 3169 1176 3219 fur

102 3241 230 3292 dieselheo
248 3239 341 3291 Worte
359 3239 532 3289 beihehalteoe
550 3239 642 3292 Bilder.

167 3311 288 3373 persenis,
307 3307 363 3358 hier
381 3307 408 3358 in
427 3308 472 3358 der
490 3307 696 3373 urspriingliehsn
714 3307 868 3371 Bedeutuug,
888 3305 919 3356 de
936 3306 976 3358 die
994 3306 1077 3357 Bildsr
1090 3306 1116 3355 in
1131 3306 1175 3354 der

102 3379 171 3431 That
190 3376 231 3427 die
249 3374 385 3427 Gedaukeu
402 3375 452 3428 wie
472 3375 576 3427 Moskon
595 3375 743 3428 umkleidao.

169 3455 268 3498 notare:
290 3443 457 3496 eulmerksam
471 3446 583 3509 macheu,
603 3445 654 3509 vgl.
673 3445 737 3496 oben
756 3447 916 3508 distinguitur
932 3445 982 3494 und
1003 3443 1035 3493 ud
1053 3442 1112 3492 Her.
1131 3440 1173 3490 lll.

101 3517 143 3581 20,
162 3519 211 3569 33:
230 3517 307 3566 unius
323 3519 438 3579 uniusque
453 3517 560 3565 neminis
577 3524 599 3566 et
615 3517 726 3566 resumsit
740 3517 855 3564 numeria
871 3517 976 3578 imagine
993 3521 1099 3563 notetur.

171 3587 232 3638 360.
268 3586 338 3636 Vidi:
366 3582 400 3633 im
416 3581 440 3632 J.
461 3585 524 3648 103,
548 3583 586 3634 als
611 3597 639 3633 er
658 3583 705 3632 mit
729 3583 785 3632 dem
803 3580 870 3632 Titel
894 3581 963 3631 eines
980 3579 1130 3630 Proconsuls
1149 3579 1174 3628 in

103 3653 173 3704 seiae
191 3650 303 3703 Proviue
323 3651 428 3702 Cilicion
445 3651 532 3702 reists.

173 3720 326 3772 Charmadas
352 3721 402 3770 uod
426 3718 584 3770 Metrodorus
612 3734 658 3781 aus¹
683 3717 799 3784 Skepsis,
827 3716 932 3768 Sohiiler
957 3717 1000 3767 des
1023 3715 1174 3772 Carneades,

104 3789 207 3842 werden
225 3789 245 3841 Ι,
269 3792 315 3852 tt,
335 3792 368 3841 tt
392 3803 481 3852 wegee
505 3788 575 3838 ihrer
594 3786 782 3838 Baredssmlrsit
799 3787 849 3836 und
867 3785 940 3836 Tuse.
959 3785 1021 3852 disp.
1039 3784 1057 3838 l.
1074 3787 1123 3853 24,
1142 3789 1173 3838 59

105 3860 195 3910 ebeese
214 3858 264 3908 wie
282 3856 338 3908 hier
357 3872 445 3921 wsgeo
464 3857 532 3908 ihres
552 3855 746 3907 Gediiehtnisses
766 3855 889 3919 geriihmt.

173 3930 399 3991 teregnum—sie:
431 3926 507 3990 grado
534 3941 576 3986 so,
604 3941 685 3989 genae
709 3939 751 3987 so,
776 3923 825 3973 wie
843 3949 892 3986 —-,
915 3920 1029 3986 vgl.,3‘l‚
1050 3923 1099 3974 154
1125 3921 1174 3970 und

104 3995 145 4048 Ill.
161 3999 187 4060 6,
204 3997 252 4048 24:
273 3999 318 4062 gui
334 4005 455 4059 tunquam
472 3998 503 4046 ub
519 3999 599 4046 unime
620 4011 714 4060 empus,
731 3997 765 4044 sie
782 4010 799 4043 u
815 3993 937 4044 sententiis
952 3994 1025 4043 eeriu
1038 3995 1174 4056 seiungunt.
