2760 4520
303 351 347 404 nn
365 351 529 416 eunucus,
548 351 595 408 rra.
615 349 646 404 11.
667 365 722 418 cap.
743 353 783 405 sc.
801 349 817 422 a
835 353 981 406 sat-aaa.
1076 311 1080 326 ⁵
1116 351 1177 420 179

100 508 260 570 oblivionis
290 513 382 569 artem
414 523 503 586 quam
533 506 692 568 memoriae
720 507 837 581 malim3
875 508 1054 588 gratiamque
1083 509 1177 571 habeo

98 680 214 742 tulisse.
266 679 374 740 Dicunt
404 678 500 750 enim,
533 696 602 738 cum
636 687 754 739 cenaret
782 678 939 739 Crannone
967 679 999 740 in
1029 680 1177 741 Thessalia
1191 686 1250 739 352.
1345 675 1366 754 ',

98 764 271 827 Simonides
305 763 383 843 apud
405 763 541 841 Scopam,
573 766 758 825 fortunatum
791 763 942 825 hominem
976 773 1005 826 et
1037 765 1176 837 nobilem,

100 849 319 928 cecinissetque
341 848 370 909 id
394 866 522 921 carmen,
545 848 625 926 quod
640 848 672 909 in
688 852 756 909 eum
772 849 943 928 scripsisset,
965 849 1071 929 inquo
1087 850 1178 911 multa

99 936 231 997 ornandi
254 952 341 995 causa
363 938 517 1013 poetarum
540 951 624 994 more
644 934 676 994 in
690 934 840 995 Castorem
862 935 969 1014 scripta
983 944 1011 996 et
1026 935 1177 997 Pollucem

98 1021 247 1102 fuissent,
277 1019 366 1079 nimis
395 1017 477 1079 illum
507 1018 626 1079 sordide
649 1019 794 1080 Simonidi
822 1019 930 1081 dixisse
961 1039 992 1081 se
1021 1021 1177 1083 dimidium

99 1108 166 1168 eius
191 1106 228 1177 ei,
251 1104 332 1184 quod
347 1111 449 1182 pactus
464 1113 549 1177 esset,
571 1122 627 1184 pro
642 1104 691 1166 illo
708 1104 836 1165 carmine
852 1105 1005 1178 daturum3
1029 1106 1175 1185 reliquum

97 1211 114 1253 a
131 1193 196 1252 suis
210 1189 397 1270 Tyndaridis,
420 1206 496 1267 quos
514 1207 608 1268 aeque
622 1189 777 1263 laudasset,
798 1199 918 1268 peteret,
936 1191 961 1252 si
976 1191 1002 1252 ei
1017 1192 1173 1252 videretur.

97 1277 194 1338 Paulo
231 1283 300 1355 post
338 1293 403 1336 esse
434 1276 535 1335 terunt
567 1275 734 1336 nuntiatum
766 1275 926 1352 Simonidi,
965 1284 997 1337 ut
1027 1276 1174 1356 prodiret:
1188 1282 1247 1334 353.

96 1363 218 1425 iuvenis
241 1370 318 1423 stare
339 1360 376 1422 ad
397 1359 515 1420 ianuam
539 1359 598 1420 duo
622 1360 776 1438 quosdam,
799 1361 850 1438 qui
872 1379 941 1422 eum
963 1379 1069 1442 magno
1086 1380 1175 1441 opere

98 1455 275 1519 evocarent3
313 1445 477 1508 surrexisse
498 1445 590 1518 illum,
612 1445 757 1526 prodisse,
779 1445 886 1507 ddisse
909 1448 1068 1508 nemiuem.
1112 1447 1176 1508 Hoc

96 1533 221 1595 interim
236 1531 329 1612 spatio
348 1531 487 1592 conclave
502 1530 583 1604 illud,
605 1530 656 1592 ubi
672 1531 839 1610 epularetur
853 1532 973 1610 Scopae,
996 1532 1175 1604 concidisse3

97 1638 132 1680 ea
148 1619 234 1679 ruina
249 1619 348 1696 ipsum
363 1633 431 1676 cum
448 1617 577 1694 cognatis
585 1634 762 1695 oppressum
778 1616 838 1676 suis
851 1616 996 1678 interisse.
1010 1619 1093 1691 Quos
1109 1636 1177 1679 cum

96 1705 227 1765 humare
255 1702 363 1764 uellent
390 1701 437 1763 sui
467 1717 563 1780 neque
592 1710 714 1782 possent
743 1701 866 1762 obtritos
892 1700 1094 1765 internoscere
1116 1704 1176 1766 ullo

97 1788 204 1860 modo,
226 1786 393 1850 Simonides
416 1786 522 1848 dicitur
544 1805 580 1848 ex
603 1805 649 1867 eo,
682 1787 763 1866 quod
786 1787 967 1848 meminisset
988 1804 1047 1867 quo
1071 1806 1176 1850 eorum

96 1959 216 2008 riihmtcn
228 1955 357 2022 lyrischon
365 1955 479 2015 Dichter,
492 1953 547 2018 gob.
559 1956 608 2006 559
621 1953 725 2004 rutulis
739 1951 784 2005 auf
794 1955 864 2018 Ceos,
880 1961 944 2020 gest.
954 1958 1005 2008 469
1013 1971 1045 2006 zn
1053 1955 1176 2022 Syrakus,
1197 1963 1199 1968 '

96 2025 202 2077 Freund
221 2024 265 2074 des
284 2023 409 2092 llippsrch
425 2023 475 2074 und
488 2023 576 2089 spiiter
589 2023 632 2072 des
645 2020 780 2088 Tyrannan
794 2023 869 2075 llioro
883 2041 909 2076 v.
924 2023 1047 2091 Syraltus,
1066 2024 1177 2075 walchen

97 2095 139 2146 die
153 2092 299 2144 Mnemonik
316 2090 436 2144 ariandon
452 2092 535 2142 haban
554 2091 602 2140 soll
618 2090 680 2154 (Cic.
693 2090 772 2144 salbst
789 2093 854 2144 liisst
871 2108 898 2143 es
918 2095 983 2144 noch
1001 2096 1042 2156 tt,
1060 2095 1110 2146 357
1128 2111 1175 2144 un·

96 2163 211 2229 gewiss),
231 2161 283 2226 vgl.
298 2177 386 2212 ausser
404 2162 451 2212 don
472 2177 503 2210 zu
521 2163 563 2223 tt,
583 2161 633 2212 299
651 2157 818 2223 anyeiuihrten
838 2160 935 2212 Stellan
952 2163 1016 2212 noch
1027 2160 1101 2214 Taso.
1113 2161 1175 2228 disp.

98 2233 117 2284 1.
139 2235 183 2296 24,
203 2233 250 2283 te:
281 2235 339 2282 Non
357 2247 445 2294 quaero
462 2239 553 2296 quanta
568 2231 682 2280 memoria
698 2231 832 2282 Simonides
850 2232 934 2295 samso
951 2234 1058 2298 dantur,
1085 2241 1176 2296 quanta

99 2304 252 2362 dheodeotes,
269 2309 359 2364 qaanta
377 2303 405 2365 is,
424 2303 468 2364 qui
482 2317 498 2348 a
515 2300 612 2361 Pyrrho
632 2301 720 2363 layatas
737 2303 772 2350 ad
787 2309 895 2352 semmam
912 2309 945 2350 est
960 2303 1060 2364 missus,
1082 2303 1174 2364 Cineas,

96 2379 192 2436 quanta
203 2385 281 2431 nsepm
290 2371 446 2431 Charmadas,
460 2376 551 2434 quanta
564 2370 685 2432 quintode
698 2369 764 2433 fuit,
779 2371 888 2430 Scaptiae
902 2370 1069 2433 Metrodoron,
1082 2380 1176 2434 quanta

97 2449 184 2490 nostsr
203 2439 364 2498 Hortensium
383 2441 411 2488 de
428 2440 548 2487 commane·
564 2439 686 2486 hominnm
705 2441 820 2488 memoria
837 2442 927 2504 bqaor.

172 2509 232 2560 352.
269 2509 396 2557 Crannon:
417 2504 482 2557 zwci
500 2503 592 2555 Meilcn
614 2503 710 2554 siidlich
730 2521 781 2555 von
801 2504 891 2556 Larisa
910 2506 1023 2570 gelegen.
1235 2539 1237 2542 -

172 2579 241 2638 apud
259 2577 365 2636 Scopam.
395 2571 455 2626 wie
473 2572 590 2624 unsichcr
604 2572 644 2622 die
656 2571 788 2623 Tradition
806 2573 848 2640 ist,
866 2574 928 2624 habt
945 2573 1029 2638 Quint.
1041 2571 1089 2627 XI.
1102 2575 1126 2639 2,
1145 2576 1175 2626 14

98 2646 210 2695 horror:
244 2647 289 2694 Est
313 2653 390 2694 antam
409 2659 497 2708 mayna
517 2646 582 2694 inter
600 2650 706 2693 amotores
725 2647 855 2706 dmssnsio,
881 2645 1001 2694 Clauoons
1017 2645 1127 2706 Carystio
1144 2660 1177 2693 an

101 2716 219 2765 Leocrati
227 2729 260 2762 an
271 2715 426 2777 Ayatharoho
439 2729 472 2762 an
483 2713 571 2775 Scopae
588 2714 703 2774 sora'ytnm
721 2716 753 2762 sit
769 2714 797 2761 td
811 2729 914 2774 carmen,
935 2723 956 2762 et
970 2715 1085 2766 Pharsali
1098 2714 1177 2774 faerit

98 2785 157 2833 hasa
176 2785 268 2844 danus,
288 2791 315 2832 ut
332 2784 383 2844 ipsa
399 2784 502 2846 quodum
520 2783 567 2830 loeo
588 2783 722 2846 ssynijieare
735 2783 869 2832 Simonides
884 2785 979 2832 ridetur
992 2791 1063 2845 atquo
1073 2781 1176 2841 Apollo-

99 2854 177 2902 dormo
194 2860 217 2902 et
234 2853 403 2902 Eratosthenes
422 2860 442 2900 et
462 2851 605 2912 Euphorion
622 2857 644 2899 et
658 2851 790 2900 Barbanna
801 2853 946 2913 Eurypylus
963 2851 1123 2910 tradiderant,
1143 2867 1175 2898 an

98 2923 244 2982 Crannone,
262 2929 291 2970 at
307 2923 411 2982 Apollas
429 2921 597 2980 Callimachus,
619 2933 688 2981 ynam
707 2927 801 2970 mantas
818 2921 896 2970 Cicero
914 2921 977 2969 bans
989 2919 1085 2982 farsam
1103 2921 1176 2968 mlius

93 2991 177 3052 fudit.
214 2990 315 3051 Scopam
337 2991 439 3040 nolilam
457 2989 595 3038 lhsssalnm
614 2990 706 3047 pensas
727 2990 755 3036 in
772 3004 797 3038 eo
814 2991 920 3038 aonaioio
940 2995 1046 3049 constat,
1073 2990 1177 3038 michar

99 3061 194 3109 sororis
219 3061 271 3108 mna
292 3060 378 3120 filins,
403 3065 493 3119 patant
515 3065 537 3106 ot
557 3065 621 3106 ortos
641 3059 768 3121 plerosque
792 3059 821 3106 ab
844 3060 892 3108 alio
915 3057 1004 3119 Saepo,
1034 3059 1080 3120 qas'
1099 3060 1178 3107 maior

99 3136 177 3178 astam
189 3126 281 3190 faerit.

168 3197 222 3245 eius
242 3199 270 3246 ei.
306 3193 390 3244 Duroh
415 3192 455 3243 dic
472 3190 602 3257 Traiectio
621 3207 671 3242 von
686 3197 710 3244 ei
725 3191 760 3243 ist
777 3193 832 3242 eine
853 3193 969 3244 'tihnliche
986 3191 1114 3243 Paratuxe
1133 3193 1177 3241 der

99 3261 174 3315 Pron.
188 3277 327 3328 gcwounen
344 3262 456 3327 worden,
475 3260 524 3310 wia
544 3261 606 3312 oben
625 3263 667 3326 21,
688 3263 734 3313 88:
753 3265 817 3314 hana
835 3278 877 3328 eyo
889 3263 939 3312 und
952 3260 971 3313 l.
988 3265 1027 3325 tt,
1047 3264 1092 3313 to:
1113 3261 1176 3317 Quas

100 3349 141 3398 syo
157 3335 182 3382 ai
199 3335 254 3396 qnia
270 3336 303 3382 sit
319 3349 385 3383 anns
400 3334 532 3393 compleras
552 3333 635 3395 connis,
650 3357 684 3366 ··-
698 3346 749 3380 non
762 3346 862 3392 passsam
875 3334 951 3382 dicere
965 3337 1012 3380 cot.
1040 3328 1174 3392 Uobrigens

100 3403 178 3468 phcgt
203 3400 245 3451 bei
267 3401 312 3450 der
329 3397 495 3463 Verbindnng
514 3414 564 3448 von
585 3404 636 3450 aas
656 3398 703 3448 mit
723 3397 803 3449 cinam
821 3400 929 3450 anderen
949 3399 1028 3450 Casus
1046 3397 1175 3448 desselben

101 3469 209 3520 Wortes
234 3468 280 3518 dar
299 3466 362 3521 Gan.
379 3469 592 3533 voranzustahen,
616 3467 666 3517 wie
684 3483 707 3518 z.
725 3467 753 3519 B.
775 3469 838 3518 auch
854 3467 928 3519 Taso.
946 3468 1009 3534 disp.
1029 3465 1048 3517 l.
1070 3469 1109 3532 11,
1128 3468 1175 3517 24:

101 3542 192 3590 Erolrs
209 3541 339 3603 diliyenter
356 3541 408 3589 mles
426 3553 479 3588 eam
497 3540 590 3601 librans,
610 3539 655 3602 qai
674 3547 707 3588 est
726 3539 755 3588 de
772 3541 861 3588 animo.

172 3609 231 3659 353.
261 3611 409 3672 merneram,
430 3609 665 3669 pronunciatores.
701 3605 786 3655 llnrch
805 3606 845 3655 die
864 3602 948 3654 lliirzo
967 3604 1010 3654 des
1029 3601 1174 3652 Ausdrncks

99 3676 151 3726 und
163 3676 216 3757 'das
233 3673 381 3742 Aspadaton
400 3673 464 3724 wird
480 3675 524 3725 das
538 3672 697 3724 Anifallendo
710 3675 761 3724 nnd
772 3673 947 3724 Unerwurteto
959 3673 1001 3722 das
1016 3669 1173 3736 llroignisses

100 3744 363 3936 :ezssddlizdsssstlda
389 3811 428 3894 dic
447 3809 880 3930 Vorutnndtensjodasbllinztlsllnep,
906 3809 1028 3859 whhrend
1044 3824 1071 3859 os
1090 3807 1132 3859 lll.
1151 3811 1175 3868 2,

103 3897 201 4013 aad:
233 3895 284 4002 :tt
303 3895 606 4014 ,dimittat
627 3895 796 4000 bilichi?
815 3895 870 3943 ‘¹⁰’
906 3897 952 3945 Μ
1109 3894 1129 3928 ⁸·
1153 3895 1175 3929 Ζ·

917 4029 971 4086 ll*
