2756 4520
213 365 256 430 22
422 363 463 416 uu
483 362 764 427 conuertuntur.
784 379 837 430 up.
850 365 874 415 s.
894 365 916 416 ι.
935 360 951 428 ι
970 363 1081 433 23-25,

215 523 250 582 de
263 521 399 595 humana,
416 523 477 582 sire
491 540 526 582 ex
541 519 681 580 interiore
695 520 760 580 loco
778 519 984 598 siveexaeqoo
994 519 1056 580 sive
1073 537 1109 579 ex
1121 519 1284 598 superiore,

214 609 275 668 sive
292 617 323 668 ut
338 608 466 685 impellat
481 604 621 667 homines'
634 604 694 666 sive
712 615 744 664 ut
758 605 862 665 doceat
884 605 945 664 sive
969 611 1001 665 ut
1016 603 1163 666 deterreat
1177 605 1238 666 sive
1254 617 1286 666 ut

215 693 341 754 concitet
355 691 415 753 sive
437 702 467 753 ut
482 691 611 752 reflectat
629 689 689 750 sive
711 699 743 750 ut
758 691 894 750 incendat
916 690 976 752 sive
1000 698 1032 750 ut
1048 690 1146 769 leniat,
1169 692 1231 752 sive
1249 691 1283 751 ad

214 797 324 858 pancos
339 778 400 838 sive
416 778 450 839 ad
469 777 575 838 multos
584 776 644 837 sive
658 775 735 836 iuter
743 775 851 836 alienos
866 776 927 836 sive
941 793 1009 836 cum
1025 776 1087 836 suis
1096 777 1158 855 sive
1174 795 1283 857 secum,

214 864 283 924 rivis
299 871 343 924 est
358 863 474 924 diducta
491 861 592 941 oratio,
616 878 676 921 non
696 861 837 933 fontibus,
853 870 889 934 et,
906 879 1095 939 quocumque
1111 861 1285 942 ingreditur,

160 968 200 1018 24,
214 949 317 1009 eodem
333 957 378 1010 est
390 949 535 1010 instinctu
553 955 717 1025 ornatuque
733 946 877 1008 comitata.
918 946 974 1007 Sed
991 947 1133 1024 quoniam
1151 949 1284 1026 oppressi

213 1034 270 1094 iam
286 1053 389 1094 sumus
406 1033 595 1112 opinionibus
612 1050 674 1092 non
691 1031 779 1091 modo
795 1031 881 1109 volgi,
905 1049 1007 1092 verum
1024 1032 1111 1092 etiam
1127 1033 1284 1094 homiuum

212 1119 313 1180 leviter
329 1119 521 1190 eruditorum,
543 1117 603 1196 qui,
626 1135 701 1195 quac
723 1117 875 1195 complecti
892 1126 949 1177 toto
965 1125 1128 1195 nequeunt,
1153 1119 1226 1178 haec
1240 1122 1283 1179 fa-

214 1205 296 1266 cilius
314 1205 422 1266 divolsa
439 1213 467 1265 et
480 1205 563 1282 quasi
579 1201 724 1281 discerpta
740 1210 929 1275 contrectant,
953 1211 981 1264 et
999 1203 1050 1281 qui
1073 1211 1226 1282 tamquam
1248 1204 1282 1264 ab

213 1291 310 1352 animo
328 1308 445 1370 corpus,
468 1290 509 1350 sic
524 1305 539 1348 a
555 1289 705 1349 sententiis
721 1287 809 1348 verba
824 1287 992 1367 seiungunt,
1009 1304 1140 1366 quorum
1157 1291 1223 1351 siue
1237 1290 1282 1350 in·

213 1376 300 1436 teritu
315 1376 377 1435 fieri
394 1382 532 1435 neutrum
541 1380 645 1452 potest,
660 1371 1102 1452 consuscipiamorationemea
1118 1375 1283 1454 plusquam

214 1461 285 1521 mihi
299 1461 479 1539 imponitur3
509 1468 622 1520 tantum
637 1458 806 1538 significabo
823 1457 920 1533 brevi,
944 1476 1041 1538 raeque
1055 1459 1222 1520 verborum
1237 1479 1281 1520 or·

214 1557 316 1606 natum
329 1546 455 1606 inveniri
470 1564 557 1625 posse
574 1563 635 1605 non
655 1545 745 1623 partis
768 1545 973 1622 expressisque
995 1545 1165 1618 sententiis,
1188 1563 1282 1624 neque

160 1648 201 1698 25.
215 1651 280 1692 esse
297 1632 384 1692 ullam
400 1631 572 1692 sententiam
587 1629 730 1690 illustrem
747 1629 809 1690 sine
824 1630 889 1690 luce
905 1629 1074 1690 verborum.
1108 1630 1165 1691 Sed
1183 1631 1281 1709 prius-

216 1735 303 1794 quam
312 1718 358 1778 illa
367 1717 617 1796 conorottingere,
630 1714 737 1794 quibus
747 1715 908 1776 orationem
921 1715 1019 1775 ornari
1031 1724 1118 1793 atque
1126 1715 1282 1776 illuminari

216 1799 1282 1882 putem,proponambreviterquidsentiamdeuniversogcneredicendi.

174 1897 202 1960 7.
301 1889 408 1950 Natura
425 1888 502 1948 nulla
520 1896 571 1958 est,
594 1896 627 1946 ut
649 1885 720 1947 mihi
737 1885 860 1958 videtur,
883 1905 958 1964 quae
981 1903 1042 1945 non
1061 1886 1166 1947 habeat
1183 1887 1213 1946 in
1229 1906 1282 1947 suo

216 1992 323 2054 genere
331 1993 379 2034 res
388 1973 548 2052 compluris
557 1971 704 2032 dissimilis
711 1973 786 2032 inter
795 1989 836 2040 se,
851 1989 926 2050 quae
936 1981 1033 2032 tomen
1042 1972 1189 2032 consimili
1200 1973 1281 2032 laude

216 2061 382 2140 dignentur.
406 2059 479 2119 Nam
491 2055 745 2119 ctauribusmulta
757 2056 944 2136 percipimus,
961 2075 1035 2136 quae
1051 2058 1105 2118 etsi
1112 2058 1283 2120 uosotntat'o

214 2180 420 2194 ..μ-μ-

215 2233 260 2282 den
278 2230 379 2295 Priiton,
398 2245 525 2292 exaequo,
543 2227 576 2291 ium
589 2225 680 2278 Sennte
699 2242 746 2276 von
762 2225 995 2286 soioemSitzeous,
1013 2229 1184 2289 aucupatore,
1203 2226 1283 2276 iodor

213 2300 478 2360 Volksvorsnmmlung
496 2313 543 2346 von
565 2294 892 2346 derllodnerbiihnohcrab.
912 2293 1052 2358 Vgl.Tusc.
1063 2294 1126 2360 disp.
1139 2295 1211 2360 tte,
1224 2298 1280 2347 ll'l.

299 2374 347 2420 uiua
366 2373 399 2420 ad
412 2384 509 2431 pauaoa.
535 2364 619 2414 Damit
636 2365 735 2414 wendet
753 2365 807 2413 sich
825 2363 949 2414 Antonius
967 2379 1017 2412 von
1037 2363 1081 2414 der
1101 2363 1281 2428 lachmiissigen

215 2439 400 2488 Borcdsamkeit
424 2453 455 2486 zu
474 2435 517 2484 der
530 2431 706 2484 redocrischeo
717 2432 879 2498 Darstcllung
897 2431 943 2482 nus
959 2433 1066 2482 anderen
1081 2431 1214 2496 Gebieten‚
1234 2433 1282 2481 wie

214 2523 235 2558 z.
257 2507 282 2556 B.
301 2505 347 2556 aul
364 2508 417 2557 dom
436 2501 660 2571 philosophischcn,
685 2499 785 2550 woraul
806 2502 860 2552 sich
885 2502 925 2551 die
946 2508 1029 2552 ersten
1048 2500 1124 2551 S’atze
1150 2503 1193 2552 dos
1210 2505 1223 2564 5
1239 2501 1281 2552 lio-

214 2575 310 2636 aionon,
332 2576 392 2624 oder
409 2572 454 2624 oul
471 2573 524 2622 dem
544 2569 735 2631 dramatischeu,
760 2572 866 2621 wonach
882 2586 1023 2620 aecumvon
1042 2570 1096 2620 dem
1115 2569 1234 2635 Monolog
1250 2571 1281 2620 iro

214 2644 359 2709 Schouspiel
379 2641 530 2695 verstuodcn
545 2640 646 2690 werden
665 2639 738 2688 kann.

296 2717 357 2762 riute
373 2723 406 2764 aet
423 2715 520 2762 diducta
537 2718 587 2771 oct,
607 2709 664 2758 dh.
685 2709 729 2757 der
745 2706 908 2758 Untersohicd
928 2707 972 2756 der
991 2707 1188 2758 verschiedeneo
1205 2707 1281 2758 Rede-

214 2787 351 2845 gattungcn
376 2782 410 2832 ist
434 2796 481 2830 nur
504 2778 544 2829 cio
564 2776 703 2828 iiusserlich
720 2777 892 2840 gewordener,
919 2775 988 2825 nieht
1012 2775 1036 2824 io
1056 2776 1136 2826 ihrem
1159 2775 1282 2842 Ursprung

215 2850 393 2913 begriiodctor3
419 2850 472 2914 vgl.
490 2847 520 2900 ll.
540 2851 580 2908 ll,
604 2849 650 2898 117
659 2862 665 2893 ε
689 2849 756 2896 tardi
778 2849 872 2911 impunis*
897 2855 931 2895 eat
947 2849 1038 2896 rivulos
1054 2850 1193 2906 aamercort,
1205 2847 1283 2910 sautia

214 2935 295 2968 rerum
305 2923 457 2982 uouuidme3
469 2916 615 2983 Top.e,33;
629 2919 738 2977 partium
745 2917 879 2965 distributio
891 2931 958 2975 saepe
974 2923 1008 2964 cet
1025 2917 1147 2976 infinitior·
1165 2925 1281 2979 tamquam

214 2990 321 3038 rivorum
340 3006 355 3036 a
367 2991 441 3053 fautu
458 2989 570 3038 mummio.
590 2984 640 3034 Det·
659 2981 790 3032 Ansdrnck
809 2983 843 3032 ist
863 2982 1040 3047 zeugmatisch,
1059 2983 1109 3032 und
1128 2999 1160 3033 zu
1172 2985 1281 3048 fontibus

216 3069 260 3103 aus
281 3057 376 3106 diducta
394 3063 460 3106 etwo
478 3059 573 3105 daucum
590 3069 621 3101 zu
639 3053 771 3114 crg'ainzen.

304 3127 430 3186 instructu,
448 3124 498 3186 vgl.
514 3123 576 3172 iiber
593 3121 633 3172 die
649 3120 789 3171 Solteohcit
806 3121 848 3170 des
870 3119 974 3170 Wortes
993 3135 1014 3172 a.
1036 3122 1057 3181 t,
1077 3122 1107 3172 2:
1129 3131 1221 3172 uocatu.

301 3198 417 3255 comitata,
437 3191 489 3255 vgl.
501 3189 520 3242 l.
535 3194 575 3253 55,
589 3193 653 3242 234:
673 3194 742 3242 cuiue
761 3189 909 3250 (Scaeuolae)
929 3198 1004 3240 artem
1022 3205 1074 3239 mem
1092 3193 1226 3242 indotatam
1237 3207 1282 3240 cem

215 3271 236 3312 at
254 3263 413 3314 incomitatam
431 3264 529 3320 uideres,
547 3263 671 3310 uerborum
688 3276 738 3310 uam
758 3263 809 3310 dota
828 3262 976 3320 locupletasti
990 3267 1011 3309 et
1029 3263 1130 3309 armasti.

302 3333 345 3385 at.
362 3338 517 3381 contrectant:
536 3327 691 3392 handhoben‚
710 3328 733 3376 d.
754 3329 779 3378 h.
800 3327 973 3378 behorrsohcu.

301 3403 514 3465 tamquam—etc:
532 3410 596 3460 ganz
613 3412 649 3459 so,
671 3397 720 3447 wie
739 3423 780 3460 -,
803 3396 854 3460 vgl.
876 3393 905 3447 ll.
925 3398 965 3459 37,
990 3399 1052 3449 154:
1071 3399 1153 3446 timide
1164 3406 1282 3460 tamquam

214 3473 247 3518 ud
263 3474 365 3534 aliquem
379 3472 487 3520 libidimis
505 3470 627 3528 scopulum
644 3471 678 3518 etc
695 3476 760 3516 tuam
780 3475 878 3516 mantem
892 3468 925 3514 ad
938 3467 1117 3527 plu'toeopleiam
1134 3468 1257 3528 appulisti.

300 3549 407 3590 tontum:
425 3553 472 3586 our
489 3552 517 3586 so
536 3534 594 3598 viol,
614 3533 662 3585 wie
682 3533 701 3584 l.
721 3539 745 3598 4,
767 3537 811 3592 14;
830 3533 859 3584 ll.
880 3535 920 3592 35,
943 3537 990 3585 150
1009 3549 1033 3585 o.
1051 3549 1073 3584 c.

300 3611 386 3670 partia,
405 3606 456 3670 vgl.
477 3603 507 3657 ll.
525 3607 566 3667 tt,
582 3606 644 3656 116:
662 3608 757 3668 reliquo
773 3605 919 3665 (astoratoru'
929 3603 1174 3663 subiectamatam'mL
1193 3606 1283 3666 siquae

214 3688 279 3740 secut,
289 3694 350 3741 quae
357 3693 407 3728 mou
414 3677 443 3726 ab
450 3685 544 3725 oratoru
546 3678 686 3735 pariuntur,
697 3676 777 3722 sadud
784 3683 901 3723 oratorem
908 3698 941 3708 ·-
949 3673 1110 3735 deformatum
1126 3667 1218 3735 ebds.§
1228 3673 1283 3721 tto.

302 3748 434 3807 cupressis:
454 3743 564 3795 deutlich
586 3743 623 3791 od.
645 3739 817 3791 verstantlich
835 3739 1009 3804 ausgedriickt.

301 3817 343 3866 25.
364 3817 392 3864 dc
410 3817 522 3865 aniame
539 3829 593 3877 pau.
612 3813 671 3860 dia:
699 3809 761 3859 iiber
777 3809 817 3859 die
838 3807 1022 3859 Beredsamkeit
1050 3807 1084 3858 im
1110 3806 1281 3871 allgemeioen.
1367 3809 1368 3828 ι

306 3879 333 3939 7.
353 3885 490 3947 eliquentur,
514 3880 555 3931 bei
574 3879 626 3932 Cic.
645 3895 691 3928 nor
711 3879 734 3926 in
757 3878 848 3928 diesem
867 3877 983 3946 passiveu
1002 3876 1079 3928 Sinnc
1097 3875 1282 3940 gebrduchlich.

301 3969 344 4002 aaa
362 3957 449 4003 omnia.
470 3950 496 4001 ln
511 3952 558 4000 deo
576 3948 712 3998 Handschr.
731 3948 800 3997 steht
819 3963 866 3996 nur
884 3965 935 4008 uos,
955 3947 1017 3997 abor
1036 3950 1117 3996 ommia
1135 3946 1200 3994 konn
1215 3943 1283 3993 nicht

215 4018 333 4070 entbehrt
354 4020 464 4086 werden,
489 4021 520 4070 da
540 4017 596 4068 hier
621 4017 664 4066 der
685 4015 826 4079 Gegensatz
844 4016 889 4066 der
909 4014 1089 4066 Gesommtheit
1114 4031 1144 4063 zu
1164 4014 1209 4064 deo
1231 4012 1281 4062 ein·
