2756 4520
194 303 237 368 20
426 300 468 350 oa
491 298 655 361 oaaroan
672 298 715 350 aa.
734 297 778 349 ur.
795 312 847 364 cap.
867 300 890 350 5.
909 294 1038 364 §19.20.

142 481 182 532 19,
281 457 358 518 Tum
372 457 507 518 Crassus:
522 456 597 517 Cum
613 455 768 516 auctoritas
783 462 869 532 atquc
886 455 1009 516 amicitia
1025 465 1122 517 vestra
1135 460 1272 520 tumhn-

157 579 159 592 »
195 543 269 606 tonii
283 544 400 604 facilitas
415 541 528 621 eripuit,
542 541 647 620 inquit,
664 539 736 600 mihi
748 539 778 599 in
795 541 904 619 optima
920 558 985 600 mea
1000 560 1087 603 causa
1102 543 1272 606 libertatem

194 629 357 690 recusandi.
379 629 565 705 Quamquam
578 627 610 687 in
625 626 776 705 partienda
792 625 986 704 disputatione
1002 639 1113 700 nostra,
1131 648 1202 690 eum
1213 631 1274 692 sibi

195 715 231 775 de
248 715 293 795 iis,
310 733 384 792 quae
401 713 457 773 dici
470 712 506 773 ab
522 720 636 784 oratore
651 719 807 790 oporteret,
823 719 960 784 sumeret,
976 713 1047 773 mihi
1061 723 1162 774 autem
1174 715 1271 776 relin-

194 810 307 879 queret,
325 810 357 860 ut
372 799 556 878 explicarem,
580 796 721 876 quemad
736 796 858 857 modum
873 797 921 856 illa
940 797 1040 858 ornari
1057 810 1220 882 oporteret,
1237 821 1273 862 ea

194 885 299 959 divisit,
320 904 394 964 quae
410 884 540 946 seiuncta
555 899 620 942 esse
636 900 698 941 non
713 879 848 961 possunt.
893 883 967 942 Nam
983 901 1051 943 cum
1070 885 1169 945 omnis
1185 905 1273 948 exre

194 980 280 1049 atque
295 971 392 1031 verbis
410 977 521 1029 constat
539 968 646 1049 oratio,
669 984 767 1045 neque
786 966 875 1028 verba
891 967 991 1027 sedem
1007 967 1115 1030 habere
1131 983 1274 1050 possunt,

139 1078 180 1128 νο,
194 1058 219 1118 si
234 1075 297 1117 rem
314 1055 501 1126 subtraxeris,
517 1071 614 1132 neque
626 1071 673 1113 res
687 1053 799 1132 lumen,
814 1053 838 1113 si
852 1052 940 1113 verba
951 1055 1124 1115 semoveris
1139 1061 1183 1116 Ae
1196 1058 1274 1118 mihi

195 1142 314 1222 quidem
333 1149 445 1202 veteres
460 1140 500 1200 illi
522 1138 616 1198 maius
631 1138 772 1216 quiddam
793 1138 891 1198 animo
909 1139 1055 1217 complexi
1078 1141 1146 1218 plus
1172 1144 1273 1204 multo

195 1228 281 1288 etiam
302 1227 409 1287 vidisse
433 1225 584 1296 videntur,
608 1242 697 1301 quarn
720 1232 863 1301 quantum
879 1231 1051 1286 nostrorum
1075 1226 1273 1305 ingeniorum

195 1313 270 1373 acies
285 1310 393 1372 intueri
408 1309 579 1390 potest‘qui
596 1308 694 1368 omnia
709 1308 789 1379 haec,
805 1326 879 1387 quae
894 1327 984 1388 supra
1000 1319 1027 1370 et
1041 1309 1153 1385 subter,
1170 1331 1272 1374 unum

195 1416 260 1458 esse
280 1406 308 1457 et
330 1415 389 1458 una
403 1395 431 1455 vi
454 1405 539 1473 atque
563 1388 644 1477 [una]
671 1394 867 1454 consensione
882 1403 1002 1455 naturae
1020 1397 1179 1458 constricta
1202 1417 1273 1460 esse

195 1483 342 1542 dixerunt.
364 1482 483 1542 Nullum
498 1489 542 1540 est
553 1480 631 1539 enim
646 1497 738 1558 genus
754 1498 865 1560 rerum,
881 1481 962 1558 quod
972 1489 1021 1541 aut
1032 1482 1168 1542 avolsum
1184 1503 1200 1543 a
1218 1503 1273 1544 ce-

196 1569 264 1629 teris
279 1585 331 1646 per
347 1586 378 1627 se
393 1568 492 1645 ipsum
508 1574 642 1626 constare
656 1572 706 1628 aut
717 1583 777 1644 quo
793 1573 887 1625 cetera
903 1567 927 1627 si
952 1577 1083 1639 careant,
1104 1568 1167 1628 vim
1181 1589 1272 1630 suam

284 1755 324 1805 19.
342 1757 370 1803 e'n
388 1755 475 1814 matina
493 1767 544 1800 mea
561 1767 632 1800 cauea
650 1749 755 1800 vertritt
775 1751 820 1800 dea
837 1751 1023 1815 vollst'rindigen
1041 1752 1116 1802 Sata:
1134 1771 1189 1805 earn
1206 1763 1273 1818 optt-

194 1839 256 1872 mam
276 1839 373 1873 eaneam
389 1823 505 1872 haberem
522 1818 555 1869 So
571 1820 638 1869 steht
657 1823 684 1870 a'n
702 1835 724 1885 p.
743 1820 823 1870 Deiot.
846 1823 867 1880 1,
889 1821 917 1872 1:
936 1825 1089 1885 quadriennem
1101 1826 1203 1880 eteinen
1217 1830 1273 1878 iet-

195 1909 268 1956 qunna
286 1901 320 1942 est
337 1897 364 1942 e'n
384 1901 424 1942 tna
442 1893 499 1938 dnm
517 1899 582 1939 tanat
599 1892 704 1950 perinde
726 1911 757 1929 =
778 1906 832 1940 enm
850 1894 879 1940 de
897 1899 924 1939 tn
937 1895 1012 1951 perte.
1031 1901 1127 1955 agatur.

280 1963 309 2010 de
329 1964 368 2020 a'a's,
389 1977 421 2011 ee.
439 1961 571 2018 dicendam,
595 1957 715 2006 walchem
741 1956 774 2006 im
792 1956 935 2022 Folgeudeu
956 1963 1096 2020 explicarem
1116 1962 1272 2028 eutsprieht.

281 2047 308 2080 ea
325 2032 420 2080 dr'as'ee't:
440 2041 468 2076 er
485 2028 531 2076 hat
548 2024 651 2089 Dioge
669 2026 827 2089 geschieden.

279 2100 472 2150 subtraxeria-
485 2099 616 2146 semoveris.
654 2095 704 2144 Das
727 2102 793 2145 erstc
812 2094 921 2146 Verbum
940 2096 1031 2146 klinute
1057 2098 1122 2147 auch
1147 2100 1272 2151 cutbehrt

195 2167 303 2229 werden,
323 2167 384 2216 aber
402 2164 453 2214 Cic.
470 2161 526 2228 idgt
544 2179 604 2227 geru
620 2162 703 2226 jedem
721 2179 769 2213 von
788 2163 1130 2228 verschiedsuenSubJ’eeteu
1141 2169 1203 2218 oder
1217 2169 1270 2220 Ob-

192 2235 277 2300 jeeten
303 2235 344 2285 ein
374 2235 464 2285 diesem
491 2233 698 2298 entsprechendes
717 2233 827 2283 Verbum
848 2232 930 2286 hinzu.
961 2233 1020 2298 Vgl.
1041 2241 1118 2284 uuten
1138 2238 1180 2299 37,
1204 2241 1271 2291 151:

189 2307 349 2368 perpenditur
372 2331 403 2339 -
432 2307 555 2353 indicatur
578 2301 627 2351 und
651 2318 682 2351 zu
704 2300 724 2352 l.
753 2305 782 2365 9,
808 2304 854 2355 36:
884 2307 992 2353 oratione
1016 2307 1145 2354 delenitum
1182 2306 1271 2358 Dureh

193 2377 340 2424 subtraxeris
356 2372 422 2422 wird
438 2372 482 2422 der
501 2369 584 2421 lehalt
602 2370 639 2420 als
657 2371 697 2420 die
716 2368 860 2435 Gruudlage
879 2371 923 2422 der
934 2375 1004 2422 rerba
1018 2372 1174 2438 bezeichnet,
1193 2377 1270 2426 wilh·

195 2443 257 2492 rend
272 2441 425 2491 andrerseits
443 2457 557 2491 annnam
566 2441 611 2490 der
621 2439 786 2503 Vorstellung
800 2455 850 2490 vou
862 2441 907 2490 der
920 2445 996 2492 aratia
1014 2441 1052 2490 als
1069 2442 1140 2492 einer
1154 2442 1269 2496 Leuchte

196 2509 341 2576 entsprieht,
349 2510 445 2560 welche
453 2525 501 2559 von
508 2508 801 2572 aussenhinzugebraeht
808 2508 885 2570 wird3
893 2509 943 2572 vgl.
954 2512 993 2572 13,
1002 2513 1047 2562 50:
1058 2514 1267 2566 temerantem.

280 2581 321 2631 20.
338 2589 424 2630 aeterra
444 2582 488 2630 tart.
509 2576 624 2628 Gemeint
642 2576 698 2627 sind
710 2575 883 2628 vornehmlieh
895 2578 934 2628 die
949 2577 1063 2642 Eleatae,
1082 2581 1157 2631 deren
1172 2582 1269 2648 haupt-

195 2647 361 2698 siiehllehster
379 2647 511 2698 Vertreter
529 2646 688 2696 Parmenides
705 2661 768 2697 war.
792 2645 872 2697 Ueber
887 2646 942 2696 ihre
954 2647 1060 2696 Aesicht
1076 2664 1124 2697 von
1143 2650 1190 2700 der
1204 2649 1269 2700 nin-

93 2729 101 2739 ‘
195 2718 248 2767 hcit
267 2715 331 2767 aller
349 2716 428 2780 Dioge
451 2716 500 2780 vgl.
519 2714 584 2767 Plat.
603 2715 678 2784 Soph.
698 2731 721 2780 p.
734 2718 793 2767 242.
813 2716 848 2766 D:
872 2713 909 2766 Τὸ
930 2715 962 2768 dl
979 2711 1044 2787 παρ’
1061 2711 1131 2789 ἡμῖν
1146 2714 1269 2771 Ἐλεατι-

194 2784 243 2838 κὸν
262 2787 352 2848 ἔθνος,
372 2781 430 2837 ἀπὸ
450 2781 627 2854 Ξενοφάνους
644 2801 673 2836 τε
693 2787 741 2834 nul
760 2785 797 2836 ἔτι
817 2781 942 2853 πρόσθεν
961 2783 1127 2856 ἀρξάμενον,
1152 2784 1189 2845 ὡς
1203 2785 1268 2848 ἑνὸς

194 2847 275 2914 ὄντος
292 2857 345 2907 τῶν
363 2849 478 2906 πάντων
496 2856 675 2924 καλουμένων
695 2847 767 2905 οὕτω
786 2853 951 2926 διεξέρχεται
968 2861 1026 2914 τοῖς
1044 2849 1157 2926 μύθοις.

282 2927 368 2974 redisse
381 2945 415 2964 =
429 2926 578 2986 intellexisse,
598 2922 646 2972 wia
666 2925 688 2984 1,
710 2925 739 2974 3:
757 2927 815 2974 aidi.
838 2923 894 2986 Vgl.
914 2924 977 2973 auch
998 2925 1027 2974 de
1046 2925 1103 2990 imp.
1123 2924 1167 2975 Cn.
1182 2925 1265 2992 Pomp.

197 2995 238 3054 22,
257 2993 299 3044 64:
321 2997 380 3052 ptus
396 3001 446 3042 tum
465 2996 492 3041 e'n
508 3008 534 3041 re
549 2994 615 3053 reat.
632 2994 741 3044 ae'ds'ete'e:
765 2991 837 3042 einen
849 2990 956 3042 tiaferen
972 2993 1118 3058 politisehen
1133 2995 1205 3045 Bliek
1219 2998 1266 3046 ha·

196 3061 256 3122 heu3
278 3058 342 3109 Phil.
360 3059 388 3109 ll.
409 3063 449 3121 15,
458 3063 504 3114 39:
525 3079 577 3112 earn
594 3077 630 3109 me
646 3063 733 3112 amisse
745 3065 804 3122 etas
811 3063 943 3124 fateretur,
963 3079 987 3112 aa
1003 3065 1135 3124 spaericae
1147 3069 1245 3115 atellana
1254 3082 1266 3126 ,·

197 3128 265 3181 Lael.
285 3131 326 3192 26,
346 3129 394 3179 99:
416 3137 444 3178 nt
461 3131 490 3191 e‘e,
514 3133 560 3193 qne*
572 3133 660 3180 illusae
680 3134 718 3188 att,
732 3134 791 3192 plus
808 3133 896 3180 vidisse
913 3134 1029 3182 rideatur.
1066 3131 1208 3196 Uebrigeos
1231 3133 1266 3182 ist

197 3197 236 3248 die
254 3196 510 3260 Zusammeustellung
536 3213 585 3246 von
608 3201 690 3248 ridear
712 3199 761 3248 und
785 3202 864 3250 videri
886 3199 926 3248 bei
945 3199 995 3248 Cio.
1013 3201 1072 3250 sehr
1095 3202 1264 3266 gewlihulielr‚

197 3267 247 3332 vgl.
266 3267 331 3316 noch
349 3264 379 3315 ll.
393 3267 416 3330 8,
430 3267 475 3317 33:
493 3276 520 3317 nt
538 3269 599 3316 matt
614 3271 656 3316 elta
672 3271 754 3318 videor
770 3271 850 3319 sidere
866 3272 894 3317 e'n
904 3271 967 3333 fero
985 3272 1091 3334 atquee’n
1111 3277 1198 3332 ranem,
1218 3285 1263 3319 na-

196 3335 314 3387 mentlieh
333 3336 360 3386 in
379 3333 433 3384 dem
452 3335 572 3398 Ausgaug
588 3339 675 3386 cidisse
698 3340 794 3397 ridear,
819 3337 938 3387 w'aihrend
962 3338 1007 3387 der
1031 3338 1087 3388 hier
1110 3339 1263 3402 gebrauchte

196 3403 297 3456 Schluss
317 3405 384 3455 eines
402 3403 567 3453 chameters
586 3407 672 3456 arabae
687 3409 800 3456 ridentur
816 3406 866 3454 und
885 3407 930 3456 der
949 3405 1014 3458 Vers
1031 3407 1174 3474 iiberhaupt
1191 3408 1263 3474 (ean-

190 3473 431 3537 pleni-re'dentnr)
457 3478 527 3522 soust
545 3487 606 3536 geru
623 3473 649 3523 iu
671 3472 749 3523 Presa
768 3474 907 3524 vermieden
928 3475 1001 3525 wir-d.
1039 3474 1121 3526 Ueber
1139 3476 1262 3528 letztcren

196 3560 215 3593 s.
235 3550 310 3594 auten
328 3547 370 3608 44,
391 3545 447 3594 tto.

280 3629 330 3663 nna
347 3617 373 3662 ei
390 3621 461 3675 atque
477 3615 627 3660 consensione
648 3621 757 3674 naturae,
778 3609 809 3663 ἓν
826 3606 873 3663 διὰ
894 3612 982 3678 δυοῖν,
1001 3635 1035 3655 =
1054 3631 1105 3664 nna
1123 3618 1150 3664 νο·
1162 3624 1264 3664 naturae

195 3684 222 3730 r'n
243 3685 392 3732 consensione
410 3685 461 3731 eine
476 3684 563 3743 posita.
582 3679 665 3730 ludcss
684 3679 782 3730 betrifft
801 3680 880 3731 dieses
892 3681 1031 3746 Argumeet
1049 3699 1096 3732 nur
1108 3681 1150 3734 die
1164 3681 1261 3746 Gegan-

196 3749 285 3799 stiinde
305 3751 347 3800 des
365 3748 527 3799 Naturreiehs
547 3749 598 3796 und
617 3748 652 3798 ist
670 3748 747 3799 daher
767 3749 822 3798 hier
838 3749 907 3799 nieht
925 3750 1075 3801 beweisend.

281 3834 328 3882 que
347 3827 422 3869 cetere
439 3822 462 3867 ae'
477 3827 575 3868 careant
600 3827 654 3867 aet:
679 3818 766 3868 desseu
793 3818 832 3868 die
857 3819 960 3882 librigeu
985 3819 1120 3870 entbehreu
1145 3820 1262 3880 kbunteu,

197 3885 483 3948 ohne-einzubiisseu,
506 3886 556 3950 vgl.
575 3884 593 3934 l.
613 3888 655 3947 28,
676 3887 736 3938 126:
761 3903 809 3937 esee
824 3893 952 3951 nemetae,
971 3905 1031 3952 qnae
1049 3899 1132 3940 orator
1149 3891 1200 3940 nesi
1215 3889 1260 3936 ba·

196 3957 258 4005 beret
274 3973 290 4004 a
307 3964 404 4016 natura,
425 3972 475 4004 non
493 3960 593 4006 nubam
610 3971 625 4003 a
643 3959 755 4018 nrape'etro
774 3960 945 4018 adinraretnr;
964 3957 1031 4007 ebds.
1052 3959 1065 4018 ἓ
1087 3959 1144 4010 128.
