2756 4520
202 305 245 371 42
378 304 421 356 nn
440 301 795 369 conscensionem.
818 305 857 356 15.
880 305 921 356 1c.
941 304 957 364 ε
979 307 1092 358 sa-so,

204 460 341 524 disiuncti
357 460 502 532 doctores,
519 458 570 520 sed
585 457 674 518 iidem
689 465 771 518 erant
784 457 903 520 vivendi
917 468 1126 539 praeceptores
1137 467 1225 539 atque
1234 461 1284 522 di·

204 547 298 618 cendi,
314 553 347 607 ut
360 545 408 607 ille
422 544 501 624 apud
518 543 680 604 Homerum
691 541 834 617 Phoenix,
851 544 948 623 quise
963 543 1077 605 aPeleo
1087 553 1171 623 patre
1178 545 1285 608 Achilli

203 629 304 694 iuveni
318 631 455 694 comitem
470 647 535 690 esse
549 629 650 690 datum
664 627 734 689 dicit
747 629 783 689 ad
799 629 918 701 bellum,
942 638 974 690 ut
994 629 1126 691 efficeret
1148 639 1283 694 orato-

151 716 508 780 58.remverhorum
531 722 939 792 actoremquererum.
968 714 1024 776 Sed
1041 715 1227 778 uthomines
1241 717 1284 778 la·

205 802 280 864 hore
294 803 465 863 assiduoet
480 799 625 862 cotidiano
647 800 769 876 assueti,
794 819 863 862 cum
883 799 1066 880 tempestatis
1082 819 1173 862 causa
1192 821 1284 882 opere

206 887 410 968 prohihentur,
435 885 471 947 ad
494 885 582 964 pilam
608 902 640 944 se
670 886 781 945 autad
806 885 879 946 talos
907 893 958 946 aut
986 885 1023 945 ad
1052 893 1180 947 tesseras
1208 905 1283 948 con-

207 977 307 1034 terunt
319 980 370 1035 aut
386 972 472 1034 etiam
487 985 607 1031 novum
616 968 672 1032 sihi
691 969 748 1049 ipsi
766 970 893 1050 aliquem
911 970 1077 1049 excogitant
1096 972 1128 1032 in
1152 971 1213 1033 otio
1235 973 1282 1034 lu-

206 1059 287 1138 dum,
305 1059 347 1120 sic
360 1057 401 1120 illi
415 1077 431 1118 a
446 1054 702 1136 negotiispuhlicis
718 1065 871 1134 tamquam
884 1055 920 1116 ab
936 1074 1027 1134 opere
1036 1063 1087 1116 aut
1094 1057 1283 1137 temporibus

207 1144 317 1206 exclusi
338 1152 388 1205 aut
401 1143 550 1203 voluntate
573 1159 626 1202 aua
645 1140 738 1202 feriati
758 1149 835 1203 totos
858 1160 890 1202 se
912 1141 959 1202 alii
976 1141 1013 1202 ad
1036 1147 1152 1219 poetas,
1175 1144 1225 1205 alii
1247 1143 1283 1204 ad

207 1236 379 1309 geometras,
400 1228 448 1290 alii
468 1227 505 1288 ad
521 1225 650 1286 musicos
673 1227 869 1296 contulerunt,
891 1226 939 1288 alii
958 1227 1054 1299 etiam,
1076 1236 1111 1288 ut
1133 1227 1282 1300 dialectici,

209 1331 321 1375 novum
337 1312 463 1391 sibiipsi
479 1312 609 1373 studium
631 1311 991 1391 ludumquepepererunt
1004 1321 1092 1390 atque
1111 1313 1143 1372 in
1158 1313 1196 1375 iis
1211 1314 1282 1376 arti-

207 1400 274 1478 bus,
297 1416 372 1477 quae
385 1406 517 1478 repertae
539 1404 618 1472 sunt,
641 1405 674 1456 ut
694 1414 858 1476 puerorum
881 1406 995 1459 mentes
1018 1397 1054 1457 ad
1070 1397 1283 1461 humanitatem

208 1484 390 1562 fingerentur
404 1491 490 1564 atque
505 1483 651 1558 virtutem,
668 1500 757 1543 omne
767 1492 884 1562 tempus
902 1493 990 1561 atque
1005 1490 1112 1544 aetates
1127 1503 1198 1546 suas
1209 1504 1282 1546 con·

95 1573 194 1637 liius.
209 1578 408 1648 sumpserunt
452 1568 509 1630 Sed
527 1567 608 1646 quod
623 1575 706 1628 erant
722 1568 842 1646 quidam
857 1568 937 1647 iique
952 1569 1046 1644 multi,
1068 1569 1121 1646 qui
1137 1578 1191 1631 aut
1204 1571 1235 1632 in
1248 1590 1282 1631 re

209 1773 352 1838 mittendum*
362 1781 396 1822 eat
416 1779 443 1822 ut
459 1773 561 1822 imbelles
577 1771 702 1833 timidique
718 1771 857 1830 ormam,-
875 1769 944 1823 ehds.
964 1771 1005 1834 25,
1024 1771 1070 1822 θῦε
1090 1788 1121 1822 aa·
1132 1788 1179 1836 quo
1198 1780 1283 1840 memte,

208 1851 235 1893 ut
254 1843 300 1892 alii
316 1843 454 1905 populares,
472 1843 517 1890 aiii
529 1841 631 1890 studiosi
646 1841 731 1898 optimi
738 1841 852 1904 cuiusque
860 1843 996 1900 viduaretur,
1012 1842 1090 1901 pauci
1104 1846 1282 1894 uniueraomm.

296 1912 363 1972 apud
379 1912 518 1966 Hunorum,
536 1906 565 1960 ΙΙ,
582 1905 627 1958 ΙΧ.
642 1908 694 1961 438
712 1905 752 1956 ff.:

312 2005 344 2014 —-
366 1979 410 2030 ool
431 1977 465 2030 δέ
481 1971 511 2048 μ’
531 1975 642 2048 ἔπεμπε
660 1979 750 2046 γέρων
770 1969 916 2040 ἱππηλάτα
938 1973 1051 2041 Πηλεὺς

311 2039 399 2116 ἤματι
415 2045 462 2114 τῷ,
482 2039 527 2098 ὅτε
542 2041 564 2097 oi
585 2046 613 2097 ea
631 2048 723 2110 Φθίης
740 2040 929 2115 Ἀγαμέμνονι
948 2047 1063 2114 πέμπεν

312 2112 423 2182 νήπιον,
443 2107 523 2168 οὔπω
540 2107 628 2166 εἰδόθ’
651 2109 763 2186 ὁμοιΐου
782 2116 927 2184 πολέμοιο,
943 2141 978 2151 --

313 2175 430 2236 τοῦνεκά
448 2199 484 2256 με
503 2181 630 2250 προέηκε,
649 2181 849 2252 διδασκέμεναι
867 2177 936 2236 τάδε
953 2178 1058 2246 πάντα,

298 2247 460 2376 aitte
478 2246 1024 2384 ε’νζδεκκκεεκδνν

333 2359 340 2374 ·
452 2358 459 2382 r
492 2357 498 2370 ·
531 2357 536 2370 ·
590 2360 597 2382 ε
659 2357 665 2369 ·
940 2357 947 2370 ·

296 2407 368 2442 cauea
386 2406 406 2440 e.
428 2388 490 2440 Gen.
510 2389 566 2439 hier
582 2411 618 2431 =
635 2386 680 2440 ans
696 2388 899 2456 Veranlassung;
928 2396 999 2440 sonst
1023 2389 1048 2439 in
1068 2389 1113 2440 der
1130 2387 1224 2454 Regel:
1248 2391 1282 2442 im

209 2458 334 2510 interesse
351 2458 390 2509 od.
407 2475 439 2509 zu
457 2456 578 2508 Gunsten.

296 2531 330 2578 ad
340 2531 419 2590 pilam
436 2553 468 2564 -
486 2520 599 2579 mamaea
618 2525 658 2576 die
675 2525 841 2576 heliehtcsten
859 2525 943 2591 Spiele
962 2526 1006 2576 der
1017 2524 1118 2592 himer,
1136 2542 1189 2578 von
1204 2528 1283 2578 denen

211 2598 255 2647 dns
281 2595 400 2661 Ballspiel
423 2597 486 2645 auch
512 2612 562 2645 von
587 2595 686 2645 iilteren
709 2593 836 2646 Personen
860 2593 936 2658 eilrig
960 2594 1092 2646 hetriehen
1111 2597 1208 2660 wnrde,
1232 2597 1282 2648 wic

211 2681 233 2716 z.
252 2665 278 2718 B.
296 2665 361 2715 nach
380 2662 399 2715 l.
420 2668 461 2727 50,
480 2667 530 2718 217
549 2681 597 2714 von
616 2662 642 2713 P.
662 2662 726 2716 illuc.
746 2662 862 2713 Seiivoln.

297 2745 420 2798 tuntqttam
436 2737 466 2784 ad
482 2750 559 2794 opera.
583 2732 629 2782 Die
646 2731 721 2798 Pr'ip.
741 2731 783 2794 ist,
806 2731 855 2782 wie
873 2731 1037 2796 regelm'dssig
1056 2732 1144 2783 hinter
1162 2744 1281 2798 tamquam

211 2803 261 2853 und
277 2809 355 2867 quaet,
380 2802 544 2865 wiederholt3
566 2801 620 2866 vgl.
641 2803 683 2864 39,
704 2803 752 2854 157
771 2818 796 2852 u.
814 2798 834 2854 l.
856 2803 894 2864 11,
916 2803 964 2854 46:
991 2806 1021 2852 iu
1041 2805 1134 2853 iudicia
1160 2814 1183 2854 et
1207 2808 1281 2854 merti-

211 2876 313 2923 uuouiaa
333 2883 455 2936 tamquam
475 2875 501 2920 iu
521 2873 622 2935 aliquod
632 2873 767 2932 pistrinum
786 2873 884 2921 detrudi
899 2881 922 2921 et
939 2873 1065 2935 eompritqi.

295 2943 439 3003 emporibus
456 2942 553 2991 namsi.
580 2938 613 2989 So
632 2939 684 2988 hat·
696 2955 719 2993 a.
733 2939 760 2993 B.
775 2937 934 3004 Thucydides
952 2939 979 2988 in
992 2939 1038 2989 der
1046 2938 1218 3004 Verbannung
1230 2941 1282 2991 sein

213 3005 433 3058 Geschichtswerk
455 3007 642 3072 ansgearheitct
665 3008 716 3056 nod
741 3007 793 3058 Cic.
817 3007 897 3058 selbot
914 3009 979 3058 nach
996 3008 1079 3058 seiner
1098 3007 1284 3073 Verdriingung

212 3091 262 3126 von
280 3077 335 3127 dem
353 3076 500 3141 pehtischen
518 3075 669 3142 Sehanplata
686 3076 712 3126 in
731 3077 777 3127 den
792 3075 1013 3127 wissenschaften
1030 3075 1162 3141 llrholnug
1172 3079 1283 3142 gesecht.

300 3149 423 3207 dmieaiai,
449 3145 526 3195 deren
542 3143 683 3195 Verfahren
701 3143 732 3198 ΙΙ.
752 3149 794 3207 38,
817 3148 865 3197 151
888 3143 1050 3195 hesehriehen
1070 3145 1143 3197 wird.
1179 3147 1226 3196 Als
1243 3147 1283 3196 ihr

212 3211 326 3265 Erilnder
346 3213 410 3262 wird
429 3229 478 3262 von
495 3213 646 3263 Aristoteles
664 3212 734 3264 Zeno
752 3230 797 3264 ans
816 3211 879 3264 Elea
896 3213 1051 3277 hezeichnet,
1072 3214 1162 3266 desscn
1180 3215 1282 3266 Bliithe·

212 3282 308 3352 zeitin
325 3282 367 3332 die
384 3280 458 3332 hlitte
476 3282 519 3332 des
539 3287 562 3334 5.
581 3282 668 3332 Jahrh.
687 3299 711 3332 v.
730 3282 788 3334 Chr.
807 3279 875 3332 idllt.

296 3357 324 3404 iu
342 3354 374 3401 iia
392 3353 498 3414 erudiar,
521 3350 544 3400 d.
563 3350 588 3401 h.
605 3351 652 3401 den
671 3353 765 3401 vorher
782 3358 923 3415 genaomcn
944 3349 1175 3402 Wissensohaiteu.

300 3416 350 3478 16.
370 3422 411 3472 59.
430 3422 478 3470 Sed
494 3423 560 3484 quod
574 3429 644 3471 naut
662 3430 703 3472 aet.
722 3420 774 3470 Der
791 3418 878 3470 Gmud
894 3420 959 3484 liegt
976 3420 1040 3469 nach
1058 3421 1104 3470 dar
1121 3420 1283 3486 Derstellnng

212 3488 322 3542 Cicero's
340 3489 366 3540 in
384 3488 455 3538 einer
469 3487 592 3552 gowissen
602 3487 808 3540 Undnldsamheit
822 3489 866 3539 des
878 3487 999 3539 Sokratus
1011 3489 1062 3538 nnd
1071 3489 1283 3554 Seinesgleioheu,

212 3558 307 3610 welche
328 3574 375 3608 our
396 3557 436 3608 die
450 3573 500 3606 ven
517 3557 592 3607 ihnen
611 3557 692 3608 selhst
708 3555 835 3622 veriolgte
847 3556 973 3622 llichtung
991 3557 1030 3608 als
1048 3557 1095 3608 den
1114 3574 1160 3608 aur
1179 3561 1282 3609 wahren

211 3626 340 3678 Weisheit
359 3625 497 3678 liihrenden
518 3625 587 3690 ch
604 3628 716 3677 snsahen
735 3627 785 3676 und
800 3627 879 3676 daher
895 3628 961 3677 auch
978 3628 1056 3677 echon
1073 3626 1114 3676 die
1129 3626 1215 3679 hlosse
1233 3628 1283 3677 An-

210 3695 309 3760 leitnng
333 3713 366 3746 zn
388 3696 458 3746 einer
487 3695 674 3746 Wirhsamkeit
697 3694 731 3744 im
757 3693 919 3746 uuenuichen
942 3695 1104 3746 Staatslehcn
1130 3693 1282 3758 vermeriae,

212 3764 291 3813 durch
307 3765 363 3814 ihre
380 3764 487 3828 geistigc
507 3762 718 3828 Ueherlegcnheit
736 3763 797 3814 aher
810 3764 879 3814 diese
897 3764 1048 3828 hullemang
1060 3780 1107 3814 zur
1119 3764 1283 3829 allgameinen

212 3829 323 3897 Geltung
339 3833 467 3884 hrachten.
485 3831 623 3897 Uehrigens
639 3831 675 3882 ist
691 3833 737 3883 der
753 3833 833 3883 durch
847 3833 895 3884 den
904 3839 991 3884 ersten
1002 3832 1077 3884 Theil
1096 3833 1141 3884 des
1150 3833 1282 3897 disjuncti-

212 3917 262 3952 ven
281 3901 370 3951 Satrius
390 3903 447 3966 (qui
457 3911 500 3953 aut
517 3905 544 3952 in
561 3903 784 3965 rap-stamme)
803 3901 986 3966 ausgmrtehte
999 3900 1120 3952 Godanke
1137 3918 1186 3952 nur
1200 3917 1283 3966 gram

211 3969 319 4022 attach
337 3970 483 4034 coordinirt,
505 3970 604 4034 loqisch
620 3969 681 4020 aher
700 3970 739 4020 als
758 3969 914 4022 subordinirt
930 3969 1204 4037 auhuman—aquae
1216 3981 1282 4022 mut
