2750 4526
310 325 353 376 nn
369 325 532 391 daurons,
550 327 594 378 nu.
612 325 642 378 u.
661 344 713 395 up.
725 331 763 382 12.
785 329 920 392 ser-aa.
1057 346 1062 356 ·
1110 327 1151 392 35

75 491 264 562 contemnas,
278 482 375 560 inquit
388 482 542 556 Antonius,
557 483 659 544 Graeci
673 502 792 562 quoque
806 484 863 563 ipsi
879 484 921 545 sic
934 483 1016 546 initio
1032 482 1150 562 scripti-
1196 555 1201 562 ,

76 575 191 641 tarunt,
214 575 247 628 ut
269 575 370 629 noster
384 567 463 640 Cato,
486 577 518 630 ut
531 568 638 645 Pictor,
662 579 695 629 ut
715 569 793 630 Piso.
836 570 905 631 Erat
927 569 1006 630 enim
1028 569 1150 630 historia
1163 571 1204 622 52.

75 655 152 716 nihil
175 652 252 715 aliud
283 653 340 714 nisi
366 653 514 713 annalium
545 654 705 727 confectio,
739 654 823 716 cuius
856 655 898 715 rei
932 655 1149 734 memoriaeque

76 739 217 820 publicae
239 737 407 798 retinendae
430 755 517 799 causa
545 738 581 798 ah
603 739 685 800 initio
708 757 811 805 rerum
830 741 1032 802 Romanarum
1053 757 1149 818 usque

75 827 114 888 ad
141 825 180 885 P.
202 823 333 884 Mucium
363 823 532 902 pontificem
561 824 722 886 maximum
758 843 806 886 res
836 825 933 886 omnis
965 824 1149 904 singulorum

80 927 234 983 annorum
264 908 421 970 mandabat
441 908 542 969 litteris
563 909 696 987 pontifex
726 911 870 970 maximus
892 909 1095 991 referebatque
1116 910 1149 970 in

76 997 181 1058 album
204 1005 233 1055 et
253 992 438 1072 proponebat
465 992 593 1058 tabulam
617 994 706 1069 domi,
735 1005 863 1074 potestas
884 1004 918 1056 ut
939 1005 1016 1056 esset
1036 995 1148 1075 populo

77 1079 298 1160 cognoscendi,
328 1080 354 1140 ei
377 1080 428 1157 qui
457 1080 544 1140 etiam
566 1097 647 1140 nunc
668 1081 786 1142 annales
808 1081 926 1142 maximi
948 1080 1149 1142 nominantur.

77 1169 165 1228 Hanc
192 1163 412 1226 similitudinem
434 1164 582 1225 scribendi
604 1166 688 1227 multi
709 1167 801 1227 secuti
823 1174 906 1235 sunt,
928 1167 979 1244 qui
1001 1166 1064 1226 sine
1083 1165 1148 1226 ullis
1162 1168 1203 1219 53.

76 1251 264 1312 ornamentis
286 1259 479 1311 monumenta
501 1251 599 1310 solum
620 1259 797 1330 temporum,
826 1251 992 1324 hominum,
1013 1252 1148 1311 locorum

77 1347 289 1417 gestarumque
317 1354 418 1396 rerum
451 1335 641 1414 reliquerunt.
683 1336 784 1415 ltaque
807 1337 899 1415 qualis
922 1335 1001 1416 apud
1023 1337 1148 1396 Graecos

77 1421 276 1501 Pherecydes,
286 1420 463 1493 Hellanicus,
477 1421 608 1482 Acusilas
624 1422 680 1482 fuit
694 1421 799 1500 aliique
813 1422 960 1501 permulti,
970 1421 1033 1482 tulis
1049 1429 1149 1482 noster

151 1594 329 1654 scriptitarunt,
346 1589 395 1639 wie
413 1591 454 1653 23,
474 1592 507 1642 91
529 1590 599 1640 mehr
619 1605 694 1639 unser
709 1585 930 1653 ‘schriltstellern’,
950 1589 1070 1640 wiihruud
1087 1595 1150 1640 eam'-
1231 1596 1233 1605 ’

78 1667 134 1713 here
154 1658 198 1709 fuir
217 1659 262 1708 dus
282 1655 398 1708 officielle
418 1659 477 1708 oder
496 1656 677 1721 geschtiftliche
696 1657 831 1708 Schrciheu
846 1659 984 1723 gebraucht
1001 1659 1075 1709 wird.

149 1727 183 1779 Μ.
193 1726 297 1777 Porcius
316 1725 389 1790 Cato,
407 1727 462 1790 gelo.
482 1729 541 1790 234,
562 1726 654 1776 Consul
675 1729 732 1790 195,
753 1726 846 1777 Censor
863 1731 920 1794 184,
939 1734 1002 1791 gost.
1025 1730 1082 1789 149,
1101 1727 1149 1790 gab

81 1801 106 1850 in
127 1797 175 1848 den
196 1796 281 1847 sichon
299 1795 410 1845 Biicheru
436 1796 519 1846 seiuer
543 1800 647 1860 oriqiner
670 1795 726 1846 eine
745 1794 894 1846 Gesuhichte
913 1797 957 1846 des
975 1798 1035 1846 rtirn.
1055 1795 1150 1846 Valles

80 1869 119 1918 bis
140 1863 188 1916 auf
202 1865 270 1916 scine
287 1863 353 1915 Zeit.
389 1863 447 1928 Vgl.
467 1863 539 1916 Corn.
566 1863 628 1930 Nep.
652 1863 715 1914 Catu
735 1867 758 1916 3.
796 1863 933 1928 Uebrigens
958 1862 1017 1914 falli
1043 1863 1094 1914 Cio.
1116 1863 1149 1912 im

81 1939 153 1988 Brut.
174 1937 215 1997 tr,
232 1937 264 1986 65
284 1933 309 1982 ff.
327 1933 389 1982 iiher
409 1931 472 1982 Cato
491 1933 529 1982 als
547 1932 645 1984 Heduer
661 1933 701 1982 eiu
719 1933 770 1984 viel
789 1933 946 1998 giiustigeres
963 1931 1071 1984 Urtheil.

153 2002 183 2068 Q.
200 2001 294 2052 Fabius
312 1999 413 2066 Pictor,
437 2002 481 2051 der
498 2007 564 2052 erste
584 2001 706 2052 rhmische
725 2000 1014 2066 Geschichtsschreiber,
1040 1999 1150 2051 welcher

81 2071 269 2125 lateinisch
286 2070 461 2134 geschrieheu,
480 2070 548 2121 lette
566 2071 687 2120 wtihrend
707 2072 749 2120 des
766 2071 874 2122 zweiten
892 2070 1027 2138 punischeu
1044 2067 1149 2134 llrieges

54 2193 56 2199 ,
81 2141 132 2193 aud
157 2141 193 2191 ist
211 2140 289 2189 durch
306 2139 374 2190 scine
391 2138 519 2205 Annaleu,
546 2139 571 2188 iu
598 2139 710 2190 welchen
734 2155 761 2188 er
785 2140 825 2190 die
843 2139 991 2190 (leschichte
1007 2138 1082 2189 Roma
1100 2153 1148 2188 von

82 2212 167 2262 seiner
194 2207 331 2272 Griindung
358 2223 391 2256 an
418 2207 456 2257 bis
481 2223 536 2257 zum
562 2207 669 2258 zweiten
691 2208 824 2273 punisoheu
851 2207 943 2272 llriege
961 2208 1083 2268 erziihlte,
1109 2207 1149 2257 die

80 2277 248 2345 Hauptquelle
262 2275 303 2326 fuir
323 2277 362 2326 diu
374 2277 491 2342 spiitereu
510 2275 800 2341 Geschichtssehreiher,
826 2277 977 2328 namentlich
994 2275 1035 2326 l'rir
1052 2275 1149 2342 Livius,

82 2347 226 2414 gewordcu.
260 2345 379 2396 Derselbe
400 2346 517 2395 benutzte
536 2346 601 2395 anch
621 2346 667 2396 deu

153 2415 180 2466 L.
195 2413 343 2480 Calpurnius
354 2412 413 2464 Piso
426 2412 513 2478 Frugi,
534 2413 629 2464 Tribun
650 2417 705 2480 149,
724 2414 762 2464 als
778 2415 889 2466 welcher
905 2431 933 2465 er
950 2416 994 2464 das
1014 2413 1105 2466 Gesetz
1123 2417 1151 2463 de

80 2487 221 2548 repetundis
233 2484 399 2546 durchsetzto,
419 2481 511 2534 Consul
523 2485 580 2548 133,
600 2482 694 2533 Censor
713 2485 768 2535 120.
802 2483 875 2534 Seiae
888 2489 987 2536 annana
1006 2489 1081 2534 neunt
1099 2481 1150 2532 Cic.

82 2555 157 2604 Brut.⁴
174 2555 215 2616 21,
238 2554 285 2606 106
303 2568 361 2602 eane
380 2555 472 2604 exilum
488 2556 596 2614 cerintus.
630 2549 711 2602 Ueber
729 2551 778 2602 ulle
801 2552 855 2603 drei
876 2551 1152 2604 Geschichtsschreiher

84 2622 194 2673 urtheilt
217 2636 245 2671 er
268 2620 298 2670 de
323 2621 373 2685 leg.
396 2619 414 2670 l.
440 2622 463 2682 2,
487 2624 516 2672 6:
553 2625 618 2672 Nam
633 2631 689 2682 ,nost
705 2624 801 2672 annuis
816 2625 959 2686 ponnfieum
982 2625 1150 2682 maximorum,

83 2695 173 2758 quibus
198 2693 262 2741 nanu
279 2699 358 2751 potest
375 2705 423 2740 eeee
440 2693 609 2756 iniucundius,
632 2693 655 2739 ri
676 2701 717 2741 aut
733 2693 768 2740 ad·
783 2693 884 2741 Fabium
902 2701 944 2742 aut
962 2695 996 2741 ad
1018 2707 1084 2753 mm,
1107 2694 1154 2754 qui

84 2764 131 2813 aar
150 2775 242 2822 semiper
257 2764 286 2810 in
303 2776 343 2809 ore
360 2769 405 2820 eet,
431 2762 541 2809 Catonem
555 2769 598 2810 aut
614 2761 648 2808 ad
662 2761 771 2810 Pisonem
791 2763 935 2820 -ueniae,
959 2775 1104 2823 quamquam
1124 2775 1152 2808 ee

85 2833 124 2881 irie
140 2832 206 2880 airus
223 2831 270 2878 alio
287 2831 344 2889 plue
364 2831 433 2879 habet
449 2831 547 2890 uirium,
565 2837 643 2878 tamen
657 2831 719 2892 quid
733 2836 782 2878 tam
799 2832 860 2878 exite
879 2844 952 2892 qmm
964 2831 1008 2880 iuti
1023 2830 1120 2878 omnes?

154 2901 195 2950 52.
229 2900 298 2948 enim
326 2901 375 2959 rei,
401 2894 507 2946 uerulich
538 2900 663 2948 annalium
696 2893 750 2959 (der
775 2895 962 2960 Studtchronik)
989 2897 1152 2961 confectionis,

84 2983 139 3016 was
164 2966 243 3016 durch
265 2969 390 3016 memoriae
407 2967 519 3028 publicae
539 2969 675 3016 retinendae
698 2966 761 3014 nach
785 2979 895 3029 genaner
911 2964 1058 3016 bezeichuet
1074 2965 1152 3028 wiri,

82 3036 135 3100 vgl.
152 3038 178 3099 9,
196 3036 243 3086 36:
260 3039 309 3085 orla
327 3038 460 3086 memoriae.

153 3102 180 3153 P.
199 3101 294 3154 Mucius
313 3101 430 3169 Scdrola,
450 3101 640 3166 Parteigenosse
657 3103 700 3153 des
711 3101 767 3154 Tib.
782 3100 910 3153 Gracchus
925 3103 975 3153 und
988 3101 1080 3153 Consul
1095 3105 1152 3165 133,

82 3174 134 3236 vgl.
154 3175 196 3235 19,
217 3173 277 3224 285.

152 3243 241 3302 adeon,
264 3239 316 3303 vgl.
338 3238 442 3289 Servius
459 3255 490 3288 zu
509 3237 586 3303 Verg.
605 3238 667 3290 Aen.
686 3238 704 3290 I.
724 3241 788 3292 373:
811 3242 916 3291 ruhniam
939 3243 1071 3292 dealbatum
1085 3251 1153 3305 quot·
1221 3259 1223 3266 ·

83 3316 156 3361 annia
173 3311 291 3374 Pontisee
308 3311 433 3359 Maeimus
449 3311 539 3371 habuit,
557 3313 583 3359 in
600 3325 649 3373 qua
661 3312 819 3371 praescriptis
836 3313 960 3360 canentum
978 3313 1114 3361 nominibus
1133 3319 1155 3358 et

83 3383 186 3431 aliorum
204 3381 389 3442 manistratuum
407 3379 481 3442 dipna
498 3388 627 3428 memoratu
646 3388 730 3429 notare
747 3389 897 3430 consueuerat
921 3381 987 3430 domi
1010 3381 1154 3442 militiaeque

83 3460 150 3500 anua
174 3451 285 3511 mamilae
305 3456 370 3512 perta
391 3462 438 3508 per
461 3449 568 3512 empulae
592 3449 650 3497 dies.
691 3446 738 3497 Die
761 3451 859 3498 unnaiee
878 3451 978 3499 maximi
995 3446 1096 3497 reichen
1114 3446 1152 3495 his

82 3533 138 3567 zuru
154 3517 233 3566 Juhre
254 3517 311 3568 127.

151 3588 193 3638 53.
234 3588 307 3635 Hane
325 3587 504 3634 similitudinem
522 3601 567 3634 sen.
582 3605 617 3624 =
641 3585 706 3633 Huic
732 3586 809 3635 simite
832 3601 906 3649 penus
932 3585 1062 3634 audendi:
1098 3581 1153 3630 eine

81 3653 207 3718 Analogie
228 3654 320 3703 davou.
349 3651 406 3716 Vgl.
425 3653 454 3702 de
472 3653 513 3702 fin.
532 3652 565 3705 V.
586 3655 625 3717 15,
647 3655 694 3704 42:
714 3653 790 3710 Quam
806 3656 986 3704 similitudinem
1004 3655 1110 3702 aiminus
1127 3654 1154 3700 in

82 3727 165 3775 benite
183 3745 218 3764 =
237 3725 305 3772 cuine
328 3724 367 3772 rei
385 3725 462 3772 simite
482 3724 577 3786 aliquid
591 3724 657 3783 uid.;
675 3721 756 3772 ehds:
795 3723 859 3779 Quae
877 3724 1008 3772 similitudo
1028 3723 1055 3770 in
1070 3735 1155 3784 uenere

84 3795 155 3842 etiam
172 3794 276 3842 limnanu
296 3801 409 3854 apparu,
426 3791 455 3840 de
475 3790 543 3841 deor.
566 3806 590 3839 n.
605 3787 634 3842 Il.
656 3793 694 3855 10,
708 3791 754 3841 27:
771 3807 844 3854 quam
863 3793 1042 3840 similtudinem
1061 3805 1156 3840 minere

80 3877 210 3922 minumus
224 3863 294 3911 iniis
310 3864 396 3922 aquis:
415 3860 445 3908 de
467 3859 508 3910 oli.
527 3857 545 3909 l.
560 3863 585 3921 4,
606 3862 645 3911 14.
663 3858 787 3909 Aehnlich
799 3859 833 3908 ist
846 3857 919 3908 Tusc.
934 3858 995 3924 disp.
1011 3856 1029 3912 l,
1050 3859 1090 3923 19,
1108 3861 1154 3910 45:

65 3933 151 3982 hau
162 3932 319 3992 pulchritudo
339 3950 375 3970 =
394 3931 490 3978 Harum
509 3945 592 3979 unum
607 3930 707 3990 narina,
724 3944 746 3980 u.
765 3943 788 3977 a.

152 3997 311 4064 Pherecydes
335 4013 383 4046 von
409 3995 499 4061 Leros,
525 3997 650 4048 zwischeu
674 3998 725 4049 489
744 3996 794 4046 und
812 3997 863 4049 416
881 4010 906 4046 r.
925 3995 991 4060 Chr,
1010 3995 1152 4046 Hellanicus

955 4079 990 4131 3*
