2814 4526
305 364 348 416 nn
368 364 530 430 onerose,
548 365 592 415 nn.
606 364 624 416 1.
643 381 696 432 up.
711 369 751 418 ea.
770 367 809 420 ee.
830 364 920 431 §aaa
938 369 996 419 aaa.
1125 365 1185 430 131

115 524 188 587 iuris
212 522 341 583 eundem
364 541 429 582 esse
457 521 645 594 consultum,
678 522 839 600 praeclaras
870 522 943 582 duas
973 523 1043 583 artis
1077 523 1189 582 consti·

115 621 214 676 tueres
238 615 325 686 atque
345 607 422 667 inter
444 627 475 668 se
496 607 575 686 paris
591 615 619 667 et
638 607 770 668 eiusdem
796 608 889 667 socias
911 607 1066 685 dignitatis.
1104 607 1190 667 Nunc

117 712 187 756 vero
209 693 285 752 ioris
307 693 474 754 consultum
506 693 569 752 sine
598 693 651 752 hac
672 693 846 772 eloquentia,
875 693 910 752 de
931 711 989 770 qua
1011 694 1189 770 quaerimus,

119 781 217 842 fateris
241 797 307 838 esse
328 796 416 856 posse
449 776 599 856 fuisseque
629 777 790 856 plurim0s3
823 786 968 838 oratorem
990 795 1099 856 angae,
1133 778 1191 837 nisi

119 867 196 927 illam
219 863 371 923 scientiam
392 863 597 941 adsumpserit,
620 882 683 923 esse
705 882 803 941 posse.
839 864 880 924 lta
901 871 944 924 est
963 861 1014 923 tibi
1030 862 1102 924 iuris
1118 881 1191 922 con-

121 953 215 1012 sultus
245 949 382 1027 ipseper
405 967 436 1008 se
457 947 530 1008 nihil
550 948 607 1008 nisi
632 949 772 1027 leguleius
804 949 922 1026 quidam
946 957 1048 1010 cauma
1072 958 1100 1009 et
1120 966 1191 1008 acu-

120 1047 177 1112 tuS,
200 1051 308 1112 praece
331 1033 495 1105 actionum,
518 1043 620 1093 cantor
641 1034 846 1106 formularum,
868 1053 976 1112 auceps
1000 1033 1192 1112 syllabarum3

122 1121 173 1183 sed
195 1121 265 1200 qrp'a
287 1137 373 1196 saepe
396 1119 488 1179 utitur
515 1127 614 1180 orator
644 1119 774 1180 subsidio
795 1120 868 1179 iuris
888 1120 919 1180 in
942 1121 1055 1191 causis,
1084 1119 1192 1179 idcireo

52 1277 58 1289 ι
87 1253 90 1257 .
120 1209 206 1268 istam
226 1204 300 1265 iuris
321 1203 471 1264 scientiam
494 1204 675 1282 eloquentiae
705 1212 854 1283 tamquam
883 1205 1048 1265 ancillulam
1077 1206 1193 1284 pedise-

121 1307 274 1371 quamque
295 1288 461 1372 adiunzisti.

207 1375 297 1448 Quod
318 1393 389 1434 vero
407 1374 621 1453 impudentiam
643 1374 802 1435 admiratus
818 1392 849 1432 es
867 1391 971 1433 eorum
990 1383 1262 1453 patronorum-56.
1278 1390 1336 1442 237.

123 1462 174 1540 qui
195 1468 255 1532 aut,
278 1477 346 1520 cum
360 1477 449 1537 parva
464 1460 620 1531 nescirent,
641 1478 746 1538 magna
767 1459 977 1536 profiterentur
993 1469 1043 1520 aut
1057 1480 1098 1534 ea,
1122 1480 1195 1540 quae

123 1547 253 1608 maxima
276 1553 376 1606 essent
395 1545 426 1604 in
449 1545 514 1604 iure
535 1545 620 1616 civili,
642 1553 763 1605 tractare
786 1543 928 1603 auderent
948 1545 977 1606 in
999 1547 1104 1622 causis,
1128 1566 1196 1610 cum

122 1653 156 1694 ea
176 1631 328 1692 nescirent
349 1647 571 1708 numquamque
594 1629 777 1700 didicissent,
799 1629 953 1707 utriusque
975 1630 1018 1690 rei
1041 1632 1131 1692 facilis
1154 1643 1198 1694 est

124 1729 153 1779 et
179 1723 318 1797 prompta
348 1714 490 1776 defensio
542 1715 616 1775 Nam
645 1732 741 1793 neque
769 1713 840 1774 illud
855 1719 906 1774 'est
925 1714 1108 1789 mirandum,
1136 1719 1196 1796 qui,

124 1802 236 1883 quibus
260 1799 358 1860 verbis
381 1800 526 1878 coemptio
553 1802 617 1872 liat,
651 1800 774 1871 nesciat,
811 1799 937 1859 eundem
967 1800 1029 1860 eius
1056 1803 1196 1875 mulieris,

122 1989 178 2038 kirt
200 1986 330 2037 entweder
352 1985 392 2034 die
415 1985 638 2050 Nothwendigkeit
661 1985 705 2035 der
723 1985 865 2050 Folgeruug
889 1985 915 2034 in
933 1985 1113 2037 Conclusionen
1138 1989 1198 2040 oder

126 2057 167 2107 die
191 2055 363 2119 incongruenz
386 2053 412 2102 io
437 2053 610 2118 Gegensiitzen
642 2055 690 2104 und
721 2055 755 2104 ist
779 2054 820 2104 bei
837 2071 904 2116 poste
927 2055 1098 2118 regelmiissig.
1138 2057 1196 2122 Vgl.

125 2125 200 2176 Tusc.
220 2123 283 2189 disp.
304 2121 345 2172 Ill.
367 2126 392 2183 9,
414 2125 461 2176 20:
480 2126 584 2186 Etennn,
603 2129 625 2175 ei
641 2127 736 2185 sapiam
754 2128 781 2174 in
799 2126 974 2187 aspritudinem
992 2128 1097 2175 incidere
1107 2137 1197 2190 posset,

121 2197 295 2258 poententiam
313 2195 341 2242 iu
358 2195 552 2253 misericordiam,
567 2203 647 2255 posset
658 2196 865 2254 ininvidentian3
884 2192 951 2242 ebds.
970 2196 994 2256 5,
1015 2196 1060 2246 11:
1080 2197 1198 2258 nescirer

128 2268 157 2314 in
176 2266 307 2326 ementem
327 2265 511 2326 crederemini,
535 2278 584 2312 non
597 2264 676 2322 possit
692 2265 797 2310 insania.
833 2260 903 2310 Doch
921 2261 997 2311 findet
1015 2262 1068 2312 sich
1088 2263 1197 2314 diuselbe

126 2330 318 2393 Wortstellung
338 2332 402 2379 anch
420 2330 483 2379 noch
500 2329 526 2379 in
547 2330 656 2380 anderen
674 2329 775 2394 Siitzen,
797 2329 845 2380 wie
863 2330 930 2380 ebds.
949 2332 990 2393 31,
1009 2333 1053 2383 75:
1083 2337 1198 2396 qiiuindin

124 2404 194 2464 at'zit,
211 2403 274 2450 ninii
292 2403 319 2447 in
338 2401 409 2450 lnctn.

197 2485 264 2520 nunc
282 2484 337 2518 vero
358 2468 406 2530 iod.
423 2484 488 2518 nnnc
504 2464 592 2532 antem)
615 2467 687 2517 stellt
714 2467 768 2516 dem
788 2467 902 2531 lingirten
922 2467 980 2517 Fall
998 2467 1038 2518 die
1057 2469 1199 2521 Wirklich-

126 2539 183 2590 koit
200 2543 338 2600 entgegen:
368 2535 424 2586 Non
441 2537 508 2586 aber.

199 2609 326 2670 lequinius,
345 2603 572 2666 Gesetzeskriimer,
592 2605 677 2654 dassen
696 2619 775 2668 ganzo
789 2602 976 2654 Wissenschait
995 2605 1114 2670 lediglieh
1127 2608 1198 2658 dario
1283 2617 1285 2622 '

130 2676 249 2736 beatem,
280 2675 338 2723 dass
363 2688 391 2723 er
416 2689 460 2723 aus
483 2673 529 2722 den
559 2673 732 2737 priitorischen
751 2671 855 2722 Edieten
876 2674 927 2722 und
945 2674 990 2723 den
1010 2673 1136 2726 Schriften
1156 2677 1200 2727 der

129 2745 244 2795 Juristen
264 2742 304 2792 die
325 2741 453 2792 einzelnen
474 2740 580 2792 Gesetze
599 2741 789 2792 heranszulesen
809 2742 938 2803 remiche,
965 2749 1062 2792 anstntt
1084 2743 1138 2793 sich
1156 2746 1200 2796 das

128 2817 170 2864 ius
197 2815 268 2863 daile
291 2811 316 2860 in
338 2808 604 2861 wissenschaitlichem
629 2809 856 2873 Znsnmmenhange
882 2811 1030 2874 angeeignet
1052 2828 1083 2861 zu
1107 2814 1199 2878 haben,

130 2883 183 2947 vgl.
203 2880 289 2946 Quint,
307 2877 365 2930 ΧΠ.
387 2882 410 2941 3,
433 2881 475 2931 11:
505 2883 551 2930 ulii
565 2896 590 2929 ee
607 2885 640 2930 nd
655 2883 735 2930 album
754 2879 787 2944 (d.
806 2879 822 2928 i.
834 2887 975 2940 praetorum
1000 2880 1083 2942 edicta)
1108 2899 1136 2932 ue
1154 2901 1200 2933 aii-

130 2955 209 3002 brieua
236 2947 272 3016 (d.
298 2947 315 2997 i.
338 2945 563 2999 iureconsultum
588 2948 669 3012 libror)
697 2951 874 2998 transtulerunt
893 2957 914 2998 et
933 2949 1081 3012 fmmnlnrii
1096 2955 1145 3017 nel,
1174 2963 1202 3004 ut

130 3026 212 3072 Oi’cero
231 3022 282 3080 ait,
306 3021 392 3081 ἱεραῖσι·
410 3020 508 3080 quidam
525 3035 573 3067 esse
591 3021 740 3079 maluerunt3
770 3033 855 3078 praeeo
872 3021 992 3068 annninn
1009 3018 1089 3068 heisst
1106 3035 1141 3082 er,
1161 3021 1201 3070 in-

130 3087 218 3139 sol'ern
243 3102 274 3137 er
300 3085 340 3135 die
364 3085 390 3134 in
411 3085 495 3149 jedern
527 3086 655 3136 einzelnen
682 3083 738 3136 ran
763 3101 794 3134 zu
817 3086 956 3136 erhebende
983 3085 1064 3151 lilage
1091 3089 1201 3140 bekannt

130 3157 231 3221 machi,
259 3163 344 3205 cantor
359 3156 540 3218 fermelinum,
569 3153 678 3204 insolern
703 3169 732 3204 er
757 3153 796 3202 die
814 3151 1023 3205 Prnzessfornreln
1049 3154 1126 3222 iertig
1151 3158 1200 3207 und

131 3227 217 3278 sicher
237 3237 363 3286 vorsagen
382 3221 514 3287 (ahleiern)
533 3224 608 3285 kann,
636 3225 892 3287 inconsentaneum,
912 3223 1115 3289 Sylbensteeher,
1142 3226 1200 3276 weil

132 3310 162 3345 er
186 3294 237 3411 beil
252 3294 298 3342 der
322 3291 635 3358 Gesetzesinterpretation
659 3291 704 3341 aui
725 3290 801 3353 J'eden
827 3291 955 3342 einzelnen
978 3293 1134 3344 Buchstaben
1152 3293 1200 3344 Ge-

127 3363 210 3413 wieht
238 3367 289 3425 egi.
763 3399 768 3406 ,

201 3433 350 3493 αηοιῖιιιῖαιιι,
369 3430 420 3492 vgl.
440 3445 462 3479 z.
483 3431 522 3491 11,
540 3431 586 3482 46:
605 3431 777 3479 contiunculas.

203 3493 256 3556 56,
279 3499 337 3550 23ἵ.
370 3497 770 3560 inpudentian‚s.38‚1ilff.;
794 3500 982 3549 admiraturae:
1010 3498 1067 3547 diclr
1085 3513 1201 3548 vcrwun·

129 3569 189 3619 dert
207 3569 265 3618 least
280 3567 343 3616 iiber
360 3593 401 3629 —‚
421 3567 469 3616 wie
488 3563 517 3615 ll.
536 3569 578 3628 56,
596 3568 661 3629 2273
679 3563 721 3615 ΙΠ.
739 3569 780 3629 50,
804 3567 851 3618 195
869 3584 892 3617 u.
912 3583 933 3616 o.

203 3651 391 3700 nmnquamque,
421 3633 463 3685 liii·
483 3635 528 3684 das
552 3635 751 3699 gewiihnliehere
773 3651 848 3698 neque
870 3651 1002 3700 umquam,
1029 3635 1078 3684 wie
1095 3637 1203 3700 ninilque

131 3721 179 3771 pro
197 3705 263 3756 Sest.
282 3707 306 3762 2,
326 3705 354 3756 3:
373 3722 388 3753 a
405 3706 432 3762 Q.
447 3707 576 3756 Hortensio
597 3721 669 3755 eausa
687 3713 720 3753 est
738 3707 767 3756 P.
787 3706 859 3754 Sentii
872 3714 986 3766 perorata
1004 3707 1111 3767 ninilque
1129 3707 1158 3754 ab
1176 3724 1202 3756 eo

124 3777 327 3836 prooemiorum
345 3783 391 3838 eet,
416 3777 481 3838 qnod
500 3783 543 3823 unt
557 3789 606 3834 pro
626 3791 653 3822 re
666 3776 735 3835 publ.
758 3776 946 3836 conquerendam
958 3773 1015 3836 sun
1036 3783 1078 3823 aut
1092 3789 1142 3834 pro
1162 3792 1202 3824 reo

126 3845 312 3906 annuendum.
708 3861 710 3866 ’

204 3915 325 3974 competo,
354 3907 475 3974 mulene,
500 3909 554 3960 eine
571 3908 644 3960 Form
665 3911 709 3960 der
728 3909 944 3974 Ehesehliessung‚
972 3909 1013 3960 bei
1031 3909 1141 3962 welcher
1163 3912 1203 3962 die

131 3979 204 4030 Fran
230 3979 253 4029 in
279 3977 434 4044 Gegenwart
458 3995 508 4028 von
531 3977 588 4029 idai
606 3979 707 4044 Zeugen
730 3979 779 4028 ond
806 3978 874 4028 eines
898 3981 1014 4041 libripens
1039 3979 1093 4030 sich
1117 3980 1142 4030 in
1163 3981 1202 4032 die

132 4066 225 4100 manns
248 4049 290 4098 des
318 4045 421 4098 Mannes
445 4047 578 4098 scheinbar
601 4045 743 4099 rerkauite.
787 4046 865 4097 Dabei
890 4047 997 4099 richtete
1015 4065 1044 4100 er
1061 4065 1091 4100 an
1110 4051 1146 4102 sie
1164 4051 1203 4100 die

956 4148 996 4204 9*
