2756 4520
231 320 272 384 32
439 320 480 370 m:
500 319 663 383 orduone,
682 319 727 374 ns.
744 319 787 370 ur.
808 335 860 386 esp.
876 323 914 372 10.
935 321 973 370 11.
992 320 1133 380 sao-41.

230 477 313 555 loqui
328 477 384 538 nisi
398 477 507 538 Latine.
553 477 654 554 Neque
669 486 766 536 tamen
782 477 836 535 erit
851 475 995 536 utendum
1011 475 1108 535 verbis
1122 475 1169 556 iis,
1191 476 1296 555 quibus

229 563 288 623 iam
308 563 491 624 consuetudo
514 571 614 622 nostra
636 579 697 621 non
720 563 820 633 utitur,
843 561 899 621 nisi
921 561 1039 639 quando
1063 561 1191 637 ornandi
1214 580 1295 623 cansa

229 667 325 727 parce,
341 649 420 726 quod
438 646 609 718 ostendam3
639 647 690 706 sed
707 647 818 708 usitatis
840 648 878 707 ita
894 647 1001 725 poterit
1015 647 1066 720 nti,
1088 647 1254 708 lectissimis
1269 657 1296 707 ut

231 743 337 807 utatur,
351 735 385 805 is,
400 733 498 812 quiin
513 731 659 792 veteribus
675 733 730 793 erit
745 732 863 810 scriptis
879 732 1009 792 studiose
1024 741 1053 792 et
1068 725 1198 793 multum
1214 734 1294 792 rolu-

119 820 217 883 nac.
230 827 314 879 tatus.
357 819 462 896 Atque,
484 829 516 878 ut
528 818 629 878 Latine
645 818 811 896 loquamur,
827 837 888 877 non
903 819 998 878 solum
1015 817 1177 878 videndum
1195 828 1247 889 est,
1269 829 1296 878 ut

231 913 259 964 et
274 902 362 964 verba
377 905 534 964 elleramus
548 921 590 975 ea,
612 921 687 982 quae
702 921 790 963 nemo
812 904 877 962 iure
892 901 1096 981 reprehendat,
1121 913 1151 963 et
1167 923 1201 963 ea
1218 905 1259 964 sic
1272 913 1296 962 et

230 989 345 1050 casibus
361 998 388 1048 et
401 988 585 1067 temporibus
600 998 629 1048 et
643 1006 751 1066 genere
766 997 794 1049 et
814 1005 940 1049 numero
962 1006 1186 1059 conservemus,
1211 997 1243 1050 ut
1263 1008 1294 1048 no

230 1075 301 1152 quid
323 1074 525 1153 perturbatum
540 1091 573 1134 ac
588 1074 758 1152 discrepans
773 1083 822 1133 ant
839 1082 1061 1152 praeposterum
1076 1073 1121 1146 sit,
1144 1074 1197 1134 sed
1214 1075 1291 1136 etiam

176 1172 218 1222 41.
231 1159 329 1238 lingua
345 1169 373 1220 et
387 1159 506 1237 spiritns
522 1169 550 1218 et
564 1161 644 1220 vocis
660 1178 752 1220 sonus
768 1168 812 1219 est
827 1159 889 1237 ipse
906 1159 1114 1220 moderandus.
1154 1160 1231 1220 Nolo
1245 1179 1291 1218 er·

232 1245 318 1322 primi
333 1245 441 1306 litteras
456 1243 594 1322 putidius,
617 1245 686 1306 nolo
710 1245 861 1304 obscurari
883 1244 1100 1324 neglegentius3
1123 1245 1195 1304 nolo
1211 1245 1291 1306 rerba

232 1330 343 1390 exiliter
364 1329 523 1390 exanimata
545 1331 633 1404 crire,
657 1330 725 1390 nolo
748 1330 845 1389 inllata
861 1339 889 1390 et
910 1331 992 1408 quasi
1016 1329 1147 1390 anhelata
1172 1331 1290 1408 gravius.

231 1415 304 1474 Nam
321 1414 357 1474 de
372 1431 443 1474 voce
458 1414 591 1474 nondum
608 1434 640 1475 ea
656 1416 732 1486 dico,
748 1423 906 1493 quaesunt
921 1415 1053 1487 actionis,
1067 1415 1118 1476 sed
1134 1416 1203 1488 hoc,
1218 1415 1289 1494 quod

232 1499 303 1559 mihi
321 1517 388 1559 cnm
404 1517 541 1560 sermone
555 1501 639 1578 qnasi
656 1501 846 1561 coniunctum
862 1500 985 1560 ridetur.
1021 1502 1097 1561 Sunt
1120 1501 1200 1561 enim
1222 1511 1290 1560 certa

231 1585 307 1659 vitiu,
324 1603 397 1662 quae
412 1603 499 1646 nemo
515 1593 558 1646 est
573 1586 644 1664 quin
661 1587 789 1666 elingere
805 1586 917 1664 cupiat:
932 1586 1025 1646 mollis
1037 1604 1095 1645 vox
1105 1596 1138 1646 nt
1146 1585 1291 1647 muliebris

315 1790 448 1839 eamdam:
464 1790 504 1849 38,
526 1790 587 1848 1533
605 1790 737 1838 lectissimis
754 1797 781 1837 ut
798 1797 890 1849 utatur,
912 1788 934 1838 d.
945 1789 971 1838 h.
985 1787 1024 1836 die
1037 1787 1064 1836 in
1082 1789 1130 1838 den
1150 1790 1289 1838 erwdhnten

229 1853 355 1904 Schriften
374 1857 548 1907 vorhandenen
567 1856 721 1916 Ausdriieke‚
746 1857 841 1905 welche
861 1857 924 1906 noch
947 1857 1127 1920 gebrauchlich
1147 1858 1218 1921 sind,
1241 1857 1289 1906 sind

229 1923 349 2041 {upheiclrt
361 1925 400 2041 dieta
418 1927 617 2043 gew‘phlgepttcnp
635 1925 709 2042 (ipseo
729 1925 981 2046 ogisichssilibelrhmppg
997 1925 1118 1976 bcdicnon
1134 1927 1211 1979 kann.
1246 1925 1289 1973 llas
1358 1981 1359 1984 Ἴ

249 2007 278 2041 ra
297 2008 336 2042 ica
366 2009 387 2042 rs
419 2009 466 2044 wie
484 2010 544 2044 ero
585 2010 633 2044 wie
672 2011 722 2043 usc.
768 2009 804 2044 s.
858 2035 862 2044 .
901 2003 923 2050 it.
981 2011 987 2042 :
1009 2000 1165 2056 parrpe'euum
1189 2008 1222 2048 aet
1245 2005 1290 2045 tum
1358 2011 1359 2014 ¹

228 2065 400 2125 aspritudinem
417 2068 535 2126 excaecare,
552 2081 605 2114 eum
618 2067 680 2128 quid
693 2067 727 2113 ita
743 2011 821 2113 amem
837 2067 876 2126 oie,
893 2074 920 2114 ut
942 2080 1055 2128 maenam
1071 2069 1193 2128 quoddam
1209 2069 1290 2116 malum

228 2135 309 2181 adeam
325 2141 347 2180 et
363 2149 448 2196 erpere
466 2136 582 2182 videatur.

313 2204 441 2262 volutatae,
459 2201 514 2251 eine
533 2201 685 2264 Steigerung
703 2215 752 2249 von
770 2209 884 2262 careatus,
907 2199 956 2250 wie
974 2204 1074 2252 metatus
1093 2200 1111 2251 Ι.
1134 2205 1176 2265 16,
1196 2205 1240 2255 ⁷3:
1256 2211 1290 2252 ut·

228 2285 283 2318 rma
300 2272 329 2329 ie,
347 2272 393 2333 qai
406 2275 475 2330 dicat,
494 2273 654 2322 tamtummodo
674 2274 701 2318 a'n
718 2273 762 2318 boa
781 2273 945 2321 declamatorio
963 2271 995 2320 sit
1014 2287 1084 2331 opaea
1100 2276 1220 2332 iactatum
1245 2270 1289 2334 rgl.

231 2337 294 2384 auch
312 2335 341 2385 ll.
362 2340 403 2400 25,
423 2341 484 2390 149:
499 2343 656 2401 pervolvatur
672 2341 776 2388 animae.

317 2401 366 2462 ll.
387 2410 429 2458 to.
447 2411 582 2471 efferamus.
619 2407 677 2457 Dies
696 2406 805 2457 Verbum
824 2405 922 2456 bezieht
947 2406 1003 2456 sich
1018 2407 1105 2457 immor
1125 2425 1172 2458 nur
1190 2407 1235 2459 aul
1248 2409 1288 2456 deo

230 2471 361 2523 Gebrauch
381 2475 505 2526 einzelnen
523 2477 614 2527 Worte
633 2475 793 2526 hinsichtlich
811 2475 855 2526 der
874 2473 949 2524 Form
966 2476 1015 2524 und
1032 2475 1202 2542 hussprnchc,
1227 2477 1288 2526 nicht

229 2539 275 2590 aul
290 2541 475 2593 dendusdruek
494 2562 541 2594 von
552 2544 697 2606 Godankcn,
717 2560 770 2593 was
788 2544 832 2593 mit
849 2544 1080 2595 dicarebezciohnet
1098 2545 1171 2598 wird.
1191 2546 1246 2612 Vgl.
1258 2561 1289 2594 or.

230 2612 272 2672 dt,
282 2612 344 2662 223:
362 2629 421 2675 qaae
429 2617 523 2665 incisim
531 2625 573 2666 aut
581 2617 727 2665 membratim
736 2617 883 2677 afferuntur,
901 2631 928 2663 ea
939 2617 976 2662 vel
986 2618 1106 2677 aptissima
1115 2619 1287 2667 eaderadabmt.

314 2683 627 2734 oaaa'hos—oomeroemoe:
647 2682 809 2732 hinsiehtlieh
827 2682 871 2731 der
890 2682 967 2732 Casus
984 2699 1008 2733 n.
1019 2700 1038 2732 s.
1051 2699 1083 2731 w.
1104 2683 1130 2733 in
1149 2685 1220 2736 ihrer
1231 2683 1288 2735 Ver·
1359 2699 1360 2722 1

231 2747 337 2812 bindnng
354 2749 379 2798 in
401 2751 664 2802 iibereinstimmender
681 2751 755 2800 Forrn
774 2750 940 2816 gebi-unchen,
958 2752 980 2800 d.
991 2753 1014 2804 ln
1024 2752 1119 2816 richtig
1129 2753 1287 2805 construireu.

230 2814 255 2864 ln
276 2818 390 2868 auderem
408 2819 482 2871 Sinus
503 2821 558 2871 sind
579 2823 619 2883 13,
637 2823 670 2873 49
688 2831 794 2880 tempora
817 2821 865 2869 und
879 2837 999 2882 personae
1017 2828 1124 2884 gesctzt.

309 2900 505 2948 praeposteram:
522 2891 547 2939 in
565 2889 722 2952 unrichtigm·
741 2886 863 2938 Zeitforrn
881 2888 1027 2952 gebraucht,
1045 2906 1067 2939 z.
1080 2891 1108 2941 B.
1128 2893 1208 2942 durch
1222 2891 1287 2941 einen

231 2952 322 3004 Fehlcr
340 2971 417 3020 gegen
435 2958 474 3009 die
491 2963 621 3010 consecutio
639 2969 778 3018 campartem

312 3025 354 3076 41.
371 3031 494 3086 puteales:
514 3045 545 3078 zu
563 3027 666 3092 geniem,
686 3027 709 3080 d.
727 3027 752 3080 h,
769 3025 815 3075 mit
832 3027 966 3088 gesnchtcr
980 3025 1157 3091 Genuuighcit.

311 3098 405 3146 cestim
418 3100 660 3148 exanimeta=exili
677 3099 758 3146 aalma
771 3099 844 3145 alata:
863 3094 907 3143 nit
925 3096 1082 3145 schwachcm
1093 3096 1181 3146 Hauch
1191 3098 1286 3147 herens-

227 3160 350 3226 gelispelt.
369 3162 418 3214 lter
438 3164 643 3230 gerngtadehler
661 3164 695 3214 ist
715 3163 771 3213 hier
790 3163 903 3214 offenbur
919 3163 997 3214 durch
1012 3163 1052 3215 die
1070 3166 1218 3228 gewiihlten
1230 3167 1287 3215 nus-

228 3230 319 3280 drhckc
341 3234 503 3298 nachgeahmt
523 3235 633 3285 worden.

311 3304 396 3365 instate
417 3314 438 3354 et
461 3307 570 3355 andelam
593 3306 708 3368 praedm:
734 3301 779 3350 mit
804 3300 897 3350 vollem
917 3301 1003 3351 llauch
1028 3302 1079 3351 und
1107 3304 1242 3366 gleichsam
1261 3317 1286 3351 zu

226 3369 337 3418 starkem
355 3371 501 3422 Schnauben
522 3374 751 3435 herausgestosson.

311 3443 416 3492 nondum
435 3459 462 3492 ea
478 3445 537 3492 dieo.
575 3439 610 3489 Er
628 3440 725 3506 sprioht
742 3439 805 3488 noch
822 3438 893 3488 nicht
910 3454 961 3488 von
978 3436 1033 3489 dcn'n
1048 3438 1103 3489 Ton
1123 3441 1168 3490 deo
1185 3441 1285 3495 stimme,

225 3506 273 3556 wie
293 3521 321 3556 er
338 3508 372 3558 im
390 3510 561 3560 oratorischen
580 3509 699 3571 Vortrng‚
723 3508 831 3557 sondern
854 3523 900 3557 nur
917 3523 966 3558 von
988 3509 1051 3570 dem,
1079 3508 1190 3560 wolcher
1210 3510 1233 3560 in
1249 3510 1287 3558 der

225 3577 414 3638 gowbhnliohen
432 3577 500 3629 llede
518 3577 682 3642 angewendet
696 3578 797 3626 werden
815 3591 887 3626 muss.

310 3651 382 3709 quasa·
397 3652 562 3699 aom'anatom:
579 3645 715 3711 gleichsam
733 3644 935 3695 nozertrennlich
954 3660 1001 3694 von
1012 3674 1053 3708 —,
1072 3647 1235 3698 unmittelbar
1247 3660 1285 3708 ge-

225 3711 303 3773 geben
322 3714 367 3764 mit
387 3743 429 3780 —‚
454 3717 486 3766 dn
510 3717 578 3766 diesc
598 3713 691 3765 Fehler
712 3713 738 3763 in
757 3713 837 3777 Fulge
854 3713 1073 3765 unverzeihlichcr
1091 3713 1284 3779 Nachliissigleit

225 3779 249 3828 in
268 3781 322 3830 dem
340 3801 415 3834 emma
432 3786 491 3835 sehr
509 3785 594 3848 hiiulig
617 3784 784 3834 vorkommen.

309 3856 388 3902 mollis
405 3869 458 3916 voe,
479 3854 530 3917 vgl.
551 3854 580 3903 dc
597 3851 638 3902 oll.
656 3851 674 3902 l.
694 3856 734 3904 35.
755 3853 816 3904 128:
836 3868 879 3901 aas
899 3862 976 3902 autam
993 3862 1110 3904 ammam
1130 3869 1253 3919 aequamur
1268 3859 1285 3898 a!

223 3919 253 3966 ab
276 3923 349 3981 cmm,
374 3925 439 3984 quod
463 3925 575 3974 abhorret
602 3923 631 3971 ab
659 3925 780 3970 oculorum
803 3924 947 3984 auriumque
967 3925 1139 3983 approbatione
1164 3925 1284 3988 sapiamus.

225 3988 306 4038 Statua
326 3992 437 4053 incessus,
458 3995 529 4042 sessio
544 3993 666 4050 accubitio,
684 3993 761 4040 celtus
780 3992 848 4050 catali,
867 4005 982 4042 manuum
991 4001 1173 4044 momatamam
1186 3993 1244 4042 illud
1252 3991 1283 4037 da·
