2756 4520
232 344 274 412 86
402 343 445 396 un
464 343 627 409 cosroen,
647 345 692 398 ru.
710 343 753 398 m.
773 359 829 411 cap.
842 345 883 398 aa.
903 346 944 400 ss
962 341 978 411 t
995 346 1141 400 ras-ree.

232 521 303 564 vero
329 501 477 563 honarum
503 500 625 571 artium,
651 500 778 578 denique
805 500 946 561 virtutum
975 499 1110 578 ipsarum
1142 499 1314 564 societatem

98 589 220 652 34131.
233 587 500 668 cognationemque
515 603 578 646 nou
595 594 715 646 norunt
759 583 817 646 Sed
838 593 872 646 ut
887 585 924 646 ad
940 585 1069 647 Graecos
1091 587 1225 646 referam
1245 604 1314 647 ora-

230 677 356 746 tionem,
379 670 487 750 quihus
504 689 604 732 carere
617 670 675 730 hoc
689 669 809 748 quidem
823 670 859 732 να
872 669 1019 732 sermonis
1034 689 1144 750 genere
1159 689 1224 732 non
1241 689 1314 751 pos·

229 776 389 824 sumus-
405 775 474 818 nam
489 765 522 818 ut
545 755 691 818 virtutisa
716 755 842 828 nostris,
864 756 907 816 sic
928 755 1081 817 doctrinae
1101 764 1174 817 sunt
1197 755 1235 818 ah
1258 757 1314 818 illis

228 845 362 924 exempla
377 841 502 922 petenda
518 876 577 915 -,
598 849 711 920 septem
735 841 826 902 luisse
849 841 988 902 dicuntur
1006 859 1067 902 uno
1082 850 1238 920 tempore,
1260 843 1314 920 qui

227 930 373 1012 sapientes
388 938 416 988 et
432 925 610 988 haberentur
625 934 654 987 ct
668 937 862 988 vocarentur:
876 927 908 988 hi
925 945 1028 988 omnes
1037 935 1155 1006 praeter
1164 927 1313 989 Milesium

228 1016 340 1080 Thalen
356 1013 518 1074 civitatibus
532 1013 593 1074 suis
609 1013 811 1091 praefuerunt.
842 1011 915 1085 Quis
930 1011 1045 1074 doctior
1060 1012 1174 1074 eisdem
1191 1021 1313 1094 tempo·
1371 1063 1372 1076 ,

228 1103 311 1166 rihus
335 1099 391 1161 illis
412 1106 462 1159 aut
483 1098 566 1160 cuius
591 1097 757 1175 eloquentia
771 1097 872 1158 litteris
886 1097 1059 1159 instructior
1074 1098 1169 1158 fuisse
1184 1099 1315 1162 traditur
1371 1087 1372 1108 ¹

230 1205 320 1268 quam
333 1180 500 1246 Pisistrati?
522 1183 573 1263 qui
595 1182 709 1261 primus
732 1182 856 1244 Homeri
877 1181 969 1244 lihros
990 1185 1134 1244 confusos
1157 1194 1245 1246 antea
1269 1187 1314 1247 sic

231 1269 414 1351 disposuisse
430 1269 544 1342 dicitur,
566 1276 599 1329 ut
614 1285 696 1328 nunc
712 1267 870 1330 hahemus:
886 1286 949 1328 non
965 1269 1021 1330 fuit
1034 1269 1082 1330 ille
1098 1269 1223 1348 quidem
1238 1271 1311 1332 ciri-

231 1359 287 1420 hus
303 1356 365 1418 suis
379 1353 467 1427 utilis,
489 1355 541 1416 sed
557 1354 596 1414 ita
613 1353 779 1431 eloquentia
795 1353 911 1427 floruit,
933 1361 968 1415 ut
991 1355 1093 1416 litteris
1116 1355 1313 1436 doctrinaque

163 1455 219 1508 138.
232 1439 400 1524 praestaret
443 1439 520 1514 Quid
537 1435 688 1500 Pericles?
710 1438 747 1499 de
769 1439 855 1500 cuius
874 1439 992 1500 dicendi
1014 1439 1043 1500 vi
1064 1439 1107 1501 sic
1130 1442 1312 1521 accepimus,
1372 1511 1373 1516 1

232 1537 282 1600 ut,
305 1544 372 1587 cum
394 1535 496 1586 conua
510 1525 690 1586 voluntatem
711 1524 935 1585 Atheniensium
957 1525 1132 1603 loqueretur
1144 1545 1202 1606 pro
1218 1528 1312 1590 salute

233 1610 342 1694 patriae
357 1611 495 1684 severius,
517 1619 616 1671 tamen
630 1609 660 1671 id
676 1609 784 1688 ipsum,
800 1610 880 1689 quod
896 1610 944 1670 ille
960 1620 1061 1670 contra
1077 1611 1232 1690 populeris
1252 1615 1311 1676 ho-

230 1699 324 1762 mines
341 1697 466 1769 diceret,
488 1695 632 1776 populare
648 1694 787 1756 omnibus
803 1705 831 1756 et
845 1696 1011 1757 iucundum
1028 1696 1197 1771 videretur;
1225 1700 1312 1761 cuius

227 1875 330 1922 rumare
348 1877 431 1918 contra
449 1882 523 1929 quam
547 1867 624 1916 demat
642 1875 664 1916 et
680 1881 754 1929 quam
767 1867 853 1927 pouit,
873 1865 978 1916 tomice
992 1875 1026 1916 eet
1043 1861 1088 1930 (ut
1106 1876 1147 1928 tu,
1172 1869 1264 1930 Catule,
1284 1872 1313 1920 do

227 1941 331 2004 quodem
354 1940 480 1987 clamatore
503 1933 601 1994 dimoti)
625 1937 740 1985 stultitiae
768 1949 825 1982 suae
846 1949 921 1997 quam
942 1938 1062 1994 plurimos
1088 1938 1156 1986 tertie
1185 1939 1312 1990 domenico

223 2007 509 2072 praemetuendum.

297 2079 415 2126 virtutum
435 2098 470 2108 -
487 2074 625 2135 αοασιαεασι,
643 2085 662 2122 s.
681 2071 706 2136 6,
726 2071 768 2123 21.

298 2139 351 2201 84.
375 2143 431 2194 137.
449 2143 653 2190 hoo—eermom's
669 2156 762 2204 ρναινα,
782 2153 810 2189 so
820 2137 977 2203 gewb‘hulich
989 2136 1030 2190 hir
1041 2155 1132 2190 ensem
1149 2141 1207 2192 eine
1218 2140 1311 2194 Unter-

228 2213 324 2277 redung
342 2209 454 2261 dieser
473 2208 541 2259 Art.

297 2285 395 2332 virtutis
412 2285 462 2330 cet.
499 2276 555 2341 Vgl.
576 2274 650 2326 Tusc.
670 2274 731 2341 disp.
750 2275 768 2327 1.
790 2277 811 2341 1,
832 2278 862 2328 2:
885 2281 950 2326 Nam
973 2293 1050 2327 morse
1071 2287 1094 2328 et
1113 2280 1231 2330 macuta
1248 2283 1311 2332 rr'tae

228 2367 312 2415 resque
330 2353 467 2401 ανονννααατ
483 2363 512 2397 αα
523 2348 664 2411 familiaris
681 2361 726 2397 noc
739 2346 848 2408 prtrfm
866 2354 887 2395 ct
904 2349 988 2396 maso
1004 2355 1102 2396 euenor
1114 2355 1138 2398 et
1156 2352 1250 2400 lasciue
1266 2375 1308 2400 ·—.

230 2421 296 2478 Quae
315 2422 379 2469 onim
396 2427 465 2468 tanta
482 2420 605 2480 praestas,
626 2431 687 2477 quae
707 2424 776 2464 tanta
793 2417 938 2477 emme,
956 2417 1096 2478 menstede
1116 2419 1210 2479 mimi,
1225 2422 1309 2478 proti-

228 2499 274 2552 tae,
288 2491 360 2551 fidu,
380 2503 441 2550 quae
458 2495 507 2536 tam
526 2485 638 2535 meum
656 2487 945 2548 inomeipenereot‘rtus
960 2487 989 2534 τά
1005 2485 1138 2548 udisset,
1160 2496 1189 2537 ut
1207 2489 1240 2537 eit
1256 2503 1309 2538 eum
1374 2485 1375 2498 ¹

229 2558 361 2607 maereat
389 2557 479 2605 metrae
501 2555 679 2614 comparanda?
712 2555 832 2602 Doctrina
851 2553 952 2603 eructa
968 2569 1013 2602 ποτ
1036 2561 1059 2603 et
1080 2557 1149 2604 οσανν·
1172 2559 1307 2606 &aarum

227 2641 314 2692 perure
330 2625 465 2686 meabat,
486 2626 513 2672 ea
529 2637 576 2686 quo
598 2631 650 2671 erat
661 2622 738 2685 facile
758 2624 852 2672 etum
868 2637 918 2672 αοα
935 2623 1102 2685 repupnaatta.

298 2703 383 2754 septem
400 2719 433 2730 -
449 2693 574 2754 sapienter.
614 2688 685 2740 Neela
705 2688 829 2753 Diogenes
848 2703 873 2739 v.
895 2688 987 2740 Laerte
1005 2687 1148 2754 empfuhlen
1172 2691 1244 2742 diese
1260 2692 1307 2742 sie

229 2762 277 2813 hen
303 2760 409 2813 Weisen
432 2758 547 2824 folgende
573 2757 769 2822 lehemregeln:
799 2757 891 2809 Thales
917 2774 941 2807 v.
965 2756 1051 2808 Milet:
1075 2757 1171 2826 γνῶθι
1194 2756 1305 2822 σαυτόν,

229 2831 306 2881 Solon
330 2845 375 2880 eus
393 2828 491 2879 Athen:
541 2826 608 2893 ηδὲν
637 2819 726 2896 ἄγαν,
752 2825 840 2878 Chilon
864 2842 909 2876 eus
927 2825 1033 2892 Sparte:
1059 2825 1149 2908 lysia
1175 2825 1255 2898 πάρα
1277 2827 1303 2880 δ’

230 2896 299 2962 ἄτα,
319 2897 433 2949 Pittacus
451 2911 497 2947 eus
544 2894 656 2962 ytilene:
683 2893 780 2968 καιρὸν
798 2897 902 2964 γνῶθι,
920 2895 978 2945 Bias
996 2909 1041 2945 uus
1079 2911 1167 2946 mene:
1185 2899 1216 2949 οἱ
1231 2901 1306 2950 πλεῖ·

231 2983 293 3020 orec
301 2972 389 3028 κακοί,
408 2965 542 3015 Cleobulus
555 2963 714 3015 ausLindos:
732 2967 836 3037 μέτρον
845 2959 967 3034 ἄριστον,
984 2962 1122 3016 Periander
1134 2981 1180 3016 aue
1190 2966 1305 3018 Corinth:

231 3037 330 3104 μελέτη
342 3030 374 3086 τὸ
387 3036 454 3086 πᾶν.
477 3033 545 3084 lloch
562 3034 664 3084 werden
680 3033 755 3083 ihneu
776 3033 934 3084 anderwiirts
950 3034 1015 3084 auch
1034 3033 1127 3084 andere
1142 3032 1298 3086 Crundsitze

232 3103 367 3168 heigelegt.

301 3183 322 3223 et
339 3173 483 3222 tatemer
500 3179 523 3221 et
541 3180 689 3221 vocarentur.
724 3169 814 3220 Dieser
830 3167 1051 3221 Periodenschluss
1072 3170 1120 3220 mit
1145 3182 1169 3222 et
1186 3198 1221 3208 —
1238 3181 1259 3226 et
1273 3172 1306 3222 ist

232 3239 412 3306 regelmdssig,
430 3254 504 3289 wenn
524 3238 570 3287 des
588 3236 686 3290 Urtheil
706 3239 745 3290 als
763 3239 803 3290 ein
822 3239 954 3304 allgemein
971 3239 1141 3290 enerkenntes
1160 3241 1224 3292 oder
1245 3239 1305 3290 el'en

231 3309 458 3376 mogesproehouss
475 3304 621 3358 bezeichnet
642 3308 745 3358 werden
761 3307 825 3374 soll;
850 3309 900 3372 vgl
922 3311 952 3360 16
959 3345 966 3370 ,
986 3311 1017 3360 111
1036 3307 1087 3358 und
1102 3306 1178 3361 Tusc.
1198 3309 1257 3376 disp.
1275 3307 1308 3360 t.

232 3383 256 3445 3,
276 3383 305 3432 7:
323 3383 377 3430 t'lloa
394 3387 480 3439 reptem
497 3385 520 3426 et
540 3381 624 3428 multia
640 3387 696 3428 ante
712 3381 812 3428 macte
833 3381 975 3442 securem
994 3403 1024 3414 -
1044 3386 1067 3426 et
1088 3380 1137 3428 ἐσσι
1154 3381 1256 3430 πεινῶ
1267 3393 1305 3428 σε·

230 3451 319 3502 tetrius
342 3451 436 3502 Ulixem
454 3457 478 3497 et
494 3450 618 3497 Nestorem
631 3451 763 3509 accepimus
782 3456 804 3497 et
814 3448 896 3510 susm
912 3456 935 3496 et
954 3448 1047 3497 habeon
1065 3463 1114 3497 esee
1130 3451 1252 3509 capusum

298 3520 433 3570 Pisistrati.
460 3515 517 3579 Vgl.
534 3515 630 3566 Bekker
647 3515 733 3568 anecd.
751 3531 776 3566 v.
794 3512 825 3566 ll.
843 3529 867 3584 p.
886 3517 950 3568 768:
966 3519 1024 3586 τρίς
1042 3531 1079 3586 με
1098 3510 1306 3587 τυραννήσαντα

230 3581 397 3644 τοσαυτάκις
415 3585 536 3645 reserate
554 3583 644 3653 δῆμος
661 3580 816 3649 Ἀθηναίων
834 3587 881 3635 καὶ
896 3586 956 3650 τρὶς
973 3577 1132 3652 ἐπηγάγετο
1148 3579 1200 3636 τὸν
1217 3587 1305 3654 μέγαν

231 3655 261 3708 ἐν
279 3656 365 3727 βουλῇ
385 3659 601 3725 Πεισίστρατον,
619 3647 651 3712 ὃς
669 3649 720 3706 τὸν
735 3647 857 3724 Ὅμηρον
874 3643 995 3724 ἤθροισα
1021 3645 1172 3724 σποράδην
1188 3650 1220 3706 τὸ
1237 3653 1304 3722 πρὶν

231 3718 408 3793 ἀειδόμενον.
444 3722 490 3773 llie
517 3738 565 3772 ven
589 3722 639 3773 ihm
665 3722 840 3785 gesammelten
868 3722 917 3771 und
936 3735 967 3770 zu
992 3720 1036 3770 der
1054 3718 1115 3771 Ilias
1139 3722 1191 3772 und
1208 3720 1305 3785 elyseo

231 3792 389 3856 vereinigten
409 3789 530 3842 Gedichte
549 3791 642 3841 sollten
661 3787 745 3840 fortan
770 3806 820 3840 von
846 3790 893 3841 den
916 3789 1064 3856 Rhapeoden
1088 3790 1118 3850 ἐξ
1141 3783 1306 3855 ὑπολήψεως

231 3859 430 3925 (ehwechselnd)
453 3859 504 3909 und
528 3857 624 3929 ἐφεξῆς
647 3858 722 3923 (nach
746 3859 791 3908 der
815 3855 997 3923 iestgesetzteu
1015 3855 1189 3924 lleiheniolge)
1214 3869 1305 3919 verse·

231 3934 321 3991 tragen
342 3924 451 3991 werden,
469 3927 547 3978 deurit
566 3927 621 3978 eine
639 3941 703 3977 neue
718 3923 874 3991 Zerstdrung
891 3927 1022 3977 der-selben
1041 3928 1161 3978 verhiitet
1177 3923 1263 3976 wirla.

269 3999 325 4049 138.
344 4007 371 4048 ut
391 4023 423 4032 -
439 3999 568 4058 σιἀνναινν,
587 3995 625 4046 als
646 3994 677 4044 oh
697 3994 879 4060 vorherginge:
912 4011 980 4060 quem
999 4005 1066 4048 tante
1082 3999 1111 4047 αν·
1127 3999 1222 4048 ἄνεσάν·
1232 4007 1306 4043 σενι
