2826 4520
338 301 381 352 llll
400 300 564 364 ontrcnn,
587 300 630 354 lib.
645 299 664 353 l.
683 315 736 368 cap.
752 300 900 367 5111221.
919 305 981 356 222„
1135 301 1197 368 123

119 457 212 529 haec,
242 474 318 534 quae
340 464 482 535 putantur
503 457 535 517 in
557 457 709 518 communi
731 457 805 518 vitae
830 457 1043 518 consuetudine
1066 458 1140 518 mala
1165 476 1198 518 ac

119 542 244 604 molesta
271 549 300 602 et
321 541 475 622 fugienda,
509 541 601 602 multo
630 541 740 602 maiora
766 549 794 602 et
815 541 965 602 acerbiora
993 542 1090 603 verbis
1114 544 1197 616 lacit3

119 628 254 704 itemque
280 645 333 699 ea,
368 645 443 704 quae
471 627 557 705 volgo
587 627 748 704 expetenda
774 634 863 705 atque
893 626 1028 705 optabilia
1050 627 1197 701 videntur,

119 712 246 772 dicendo
277 711 433 789 amplificat
461 719 548 789 atque
579 720 683 784 ornat,
717 730 814 789 neque
839 712 900 772 volt
920 712 959 772 ita
981 712 1098 790 sapiens
1120 712 1197 773 inter

118 797 226 858 stultos
246 795 349 868 rideri,
379 806 412 857 ut
433 795 461 870 ii,
492 796 544 874 qui
564 797 703 868 audiant,
724 805 775 857 aut
794 796 876 856 illum
896 797 1031 875 ineptum
1053 806 1082 858 et
1103 798 1196 858 Grae-

118 882 221 942 culum
243 888 356 960 putent,
388 889 454 952 aut,
490 881 602 942 etiamsi
623 881 705 942 valde
726 881 852 960 probent
874 882 1041 960 ingenium,
1072 883 1196 944 oratoris

119 966 294 1045 sapientiam
315 965 508 1038 admirentur,
531 985 562 1027 se
585 985 649 1028 esse
672 967 777 1028 stultos
799 967 919 1026 moleste
941 969 1049 1039 lerant;
1079 968 1131 1027 sed
1157 968 1196 1029 ita
1210 983 1272 1035 222.

118 1060 257 1130 peragrat
286 1069 340 1129 per
370 1051 503 1123 animos,
534 1052 572 1112 ita
603 1070 709 1111 sensus
742 1051 898 1111 homiuum
929 1053 1093 1130 mentisque
1123 1071 1194 1130 per-

117 1143 237 1208 tractat,
266 1143 383 1198 utnon
408 1135 555 1196 desideret
582 1136 828 1214 philosophorum
859 1135 1071 1215 descriptiones
1099 1156 1196 1215 neque

117 1220 257 1298 exquirat
277 1221 418 1293 oratione,
441 1239 596 1282 summum
617 1221 685 1281 illud
699 1221 813 1281 bonum
835 1221 866 1280 in
890 1221 1028 1283 animone
1050 1222 1086 1282 sit
1109 1223 1195 1282 auin

116 1324 256 1384 corpore,
279 1305 438 1372 ¹virtutean
457 1306 604 1384 voluptate
624 1305 796 1377 definiatur;
819 1323 856 1366 an
879 1307 951 1368 haee
975 1307 1052 1368 inter
1067 1325 1099 1367 se
1113 1307 1194 1386 iungi

116 1390 312 1468 copularique
334 1391 466 1469 possint;
488 1409 525 1452 an
547 1409 627 1463 vero,
651 1398 683 1450 ut
705 1391 881 1469 quibusdam
904 1392 1010 1464 visum,
1033 1391 1106 1452 nihil
1128 1411 1194 1452 cer·

116 1485 183 1538 tum
215 1475 301 1548 sciri,
331 1476 403 1536 nihil
431 1476 516 1553 plane
546 1476 686 1554 cognosci
716 1485 745 1536 et
772 1476 884 1556 percipi
909 1477 1011 1555 possit.
1061 1477 1193 1550 Quarum

113 1714 199 1775 potiere
212 1715 302 1773 pietate
318 1727 375 1774 erpa
392 1720 414 1761 te
434 1716 516 1762 cetere
540 1715 599 1761 eatis
614 1713 686 1775 facio
704 1712 820 1760 omudue.
862 1709 933 1760 Noch
951 1711 1064 1776 ntufiger
1082 1714 1151 1763 stelit
1168 1732 1196 1764 ue

114 1783 201 1843 potius
218 1779 245 1828 in
263 1778 476 1842 berichtigondem
495 1777 569 1828 Sinna
587 1779 650 1828 nach
667 1778 839 1842 Negationem
869 1780 977 1829 sondern
995 1780 1126 1846 vielmehr,
1144 1781 1195 1832 wie

116 1847 274 1910 11.18,14.

191 1918 252 1969 221.
286 1919 351 1967 mala
367 1931 395 1965 aa
411 1919 508 1966 molesta
524 1914 608 1965 bilden
626 1930 765 1964 zusammen
784 1915 856 1966 einen
874 1916 981 1980 Begrill,
1003 1916 1058 1966 dem
1070 1918 1195 1982 supieuda

119 1984 161 2035 als
179 1983 220 2034 dio
238 1983 399 2048 Consequenz
417 1984 500 2033 (lovon
521 1983 664 2048 gogoniiber
681 1984 757 2034 steht

189 2057 240 2116 tta,
267 2051 373 2102 finirend
392 2052 442 2101 und
460 2051 663 2102 boschriinkend:
693 2051 740 2101 mit
757 2051 801 2102 der
821 2051 966 2116 Mansgaho,
990 2058 1066 2104 anter
1083 2052 1127 2102 der
1144 2053 1193 2103 Be-

117 2120 244 2184 dingung,
274 2119 489 2186 1151114163
522 2124 557 2171 itu
573 2137 626 2171 euru
648 2123 749 2203 cupreus
766 2123 794 2170 iu
812 2123 856 2172 illa
873 2125 979 2186 tenuiore
996 2131 1018 2172 te
1036 2138 1065 2171 ae
1076 2131 1194 2183 perpetua

115 2193 282 2251 dumtutuu
301 2159 429 2252 audendi,
458 2199 499 2251 ut,
526 2194 549 2240 u'
567 2191 596 2239 e'd
611 2191 672 2240 milui
692 2192 774 2240 minue
796 2193 931 2255 continuat,
959 2193 996 2240 uel
1013 2193 1057 2242 doe
1072 2194 1117 2241 eim
1134 2195 1194 2241 uoti·

114 2261 192 2309 diano
208 2269 251 2308 tuo
268 2274 375 2309 sumone
391 2267 521 2309 coutantur.

188 2331 294 2406 sapum,
315 2325 341 2374 in
356 2326 496 2378 domnollten
514 2323 589 2376 Sinna
607 2326 657 2376 wie
678 2327 718 2390 18,
735 2327 776 2377 83

188 2399 268 2456 aum,
286 2394 320 2444 im
340 2393 482 2458 Gogensetz
501 2410 532 2443 zu
550 2411 582 2454 ee,
600 2393 649 2444 wie
668 2395 709 2456 31,
733 2396 790 2445 170

189 2467 303 2526 ιἀοριαω.
337 2462 412 2512 111111
424 2461 472 2512 Art
493 2477 543 2511 von
561 2459 741 2526 goekenhalter
754 2460 885 2513 Prahlerei
903 2462 966 2512 wird
984 2463 1048 2513 anch
1067 2462 1101 2513 ll.
1121 2467 1145 2526 4,
1162 2467 1192 2515 11

115 2531 158 2582 als
174 2531 310 2595 Eigenheit
326 2531 371 2580 der·
391 2530 550 2594 (dameligenl
569 2529 692 2581 Grieelren
712 2529 863 2582 bezeichnet.
1258 2529 1262 2535 ⁴

189 2603 294 2650 oratorie
311 2627 344 2634 -
358 2601 453 2663 ferant.
494 2598 569 2649 Diese
593 2599 681 2650 beiden
706 2597 782 2648 Siitze
808 2599 897 2650 stelen
919 2598 953 2648 im
971 2599 1194 2662 gegensiitzlichen

118 2667 295 2720 Verlriiltniss:
313 2683 435 2736 1111,-
455 2667 524 2720 eber.

188 2739 248 2789 222.
280 2745 405 2801 puderet,
423 2742 494 2786 sonet
513 2751 560 2786 nur
579 2735 618 2786 als
638 2731 726 2785 Trans.
744 2734 931 2798 gebrduehlich.

187 2807 367 2866 munuca,
385 2804 434 2854 wie
452 2807 494 2867 49,
514 2806 572 2856 212.

187 2891 311 2926 mertum
330 2876 396 2924 illud
416 2875 509 2923 bouum.
554 2871 611 2935 vgr.
630 2868 704 2920 Tusc.
722 2870 754 2922 V.
773 2873 815 2934 30,
833 2873 880 2924 84ε
917 2873 979 2922 Sunt
995 2880 1073 2922 autem
1093 2873 1150 2922 duee
1166 2874 1196 2922 de

113 2945 220 3009 fluuius,
238 2952 269 2993 ut
291 2947 392 3007 opinor,
413 2951 516 2993 retentae
533 2941 691 3004 defensaeque
706 2942 848 3003 emunctae,
863 2943 974 3002 primum
990 2943 1108 3001 eiumle'eee
1125 2949 1196 3003 quot·

115 3023 190 3064 tuor:
221 3012 287 3060 ue‘de'l
302 3013 391 3061 bouum
408 3014 460 3061 uiee'
475 3013 607 3071 touutum,
632 3018 660 3059 ut
677 3010 765 3058 Stoici:
790 3010 856 3058 uenit
873 3011 958 3059 bonum
974 3011 1026 3059 uc'et’
1041 3012 1194 3071 voluptatatis,

118 3090 147 3134 ut
164 3082 303 3141 speum:
334 3082 398 3130 uldel
415 3081 503 3130 boumn
526 3081 577 3128 uiae·
591 3081 730 3128 vacuitatem
750 3079 852 3140 doloris,
877 3087 904 3128 ut
924 3079 1100 3140 Hieronymum
1132 3080 1197 3126 utlu’t

118 3153 207 3201 meum
224 3151 278 3198 niet
293 3157 395 3198 naturae
411 3150 500 3208 primu
523 3148 591 3198 toute
609 3155 653 3196 aut
671 3148 779 3196 munitur
795 3153 838 3196 aut
853 3149 972 3196 muuume'u
982 3147 1060 3211 frui,
1088 3155 1117 3198 ut
1133 3148 1194 3196 Oar-

118 3221 208 3269 ueadee
229 3226 315 3268 eontra
336 3218 424 3267 Stoicae
447 3218 583 3266 4111111111.
624 3216 691 3264 Haeo
708 3217 784 3278 tuetur
804 3216 938 3276 cunaldum
965 3217 1008 3266 itta
1024 3216 1115 3266 mictu:
1145 3217 1195 3264 cru

117 3303 214 3370 ymera
225 3288 350 3344 bouum,
370 3300 483 3335 meeum
499 3286 585 3348 anteri,
603 3285 706 3334 eeeuudu
724 3285 840 3346 comula,
860 3292 959 3334 eutem
978 3287 1064 3345 urtelu,
1082 3293 1108 3333 ut
1124 3285 1196 3334 Peru·-

114 3358 221 3418 putete'ee',
250 3370 293 3405 nee
309 3357 384 3404 multo
400 3355 541 3404 Academici
555 3368 636 3412 eeeue,·
660 3355 803 3412 uoluptatem
819 3367 873 3402 cum
892 3355 1012 3404 docmate
1031 3351 1197 3401 Duumuelrue

116 3433 142 3476 et
158 3424 266 3485 memte
285 3425 409 3484 copulavit.

189 3508 224 3542 au
241 3493 350 3542 1111-
315 3492 578 3554 —eopulan'quepoe
578 3491 635 3538 eleut.
675 3486 722 3538 llio
742 3486 939 3550 Vorderglioder
958 3503 989 3538 zu
1012 3486 1096 3537 dieser
1112 3483 1196 3548 Frage

118 3559 252 3612 euthalteu
268 3557 447 3622 wieder-jedes
466 3556 522 3608 eine
536 3554 703 3622 lloppellrage
718 3552 759 3605 liin
775 3555 836 3606 sicle.
870 3554 953 3606 Zuau
966 3572 1063 3607 uero-
1036 3557 1151 3615 -poeu'c
1163 3553 1197 3603 ist

118 3629 166 3678 der
183 3641 264 3692 ganne
277 3626 482 3691 vorhergehonde
497 3625 616 3691 Complux
631 3639 680 3676 ron
692 3622 791 3687 Ili-agen
809 3623 847 3673 als
859 3623 1028 3688 vorderglied
1046 3623 1197 3674 anemalata.

349 3699 435 3746 eom.
477 3694 535 3745 Dios
553 3708 608 3743 war
632 3693 673 3742 die
688 3692 795 3743 Ansicht
813 3692 857 3742 der
875 3691 1002 3742 mittieren
1019 3691 1071 3742 und
1089 3703 1198 3742 neueren

118 3764 255 3815 Academia
274 3779 324 3813 von
339 3762 467 3814 Arcesilas
486 3777 533 3824 an·
552 3761 604 3825 vgl.
624 3759 667 3810 lll.
689 3763 727 3821 18,
747 3763 793 3813 61ε
813 3762 938 3811 Arcesilae
950 3763 1069 3821 mutum,
1087 3775 1132 3823 que
1128 3761 1198 3810 Po·

118 3837 233 3884 hereum
261 3835 391 3896 audierat,
419 3849 449 3881 eu
471 3834 547 3882 uart‘e'e
565 3833 676 3882 Mune
699 3831 768 3880 uem
792 3830 986 3912 eumaeumque
1003 3829 1130 3880 Sonuere
1153 3831 1197 3880 lue

120 3905 228 3954 mwime
246 3903 370 3964 adripuit,
388 3902 453 3951 ue'dtl
470 3915 518 3949 eeue
531 3901 596 3960 certi,
615 3895 682 3962 quod
691 3907 734 3948 atet
745 3899 852 3948 renuitur
863 3905 907 3947 uut
918 3899 998 3948 auimo
1005 3900 1104 3959 perotus·
1110 3900 1198 3958 poue.

189 3971 301 4036 eoquoeot'
317 3977 339 4018 et
349 3970 452 4031 percipi,
473 3966 525 4031 vgl.
546 3969 587 4030 47,
609 3968 667 4018 2114
