2756 4520
247 337 287 402 18
462 337 504 388 us
523 334 684 398 omrem,
701 337 746 388 m.
759 337 801 388 m.
819 354 873 404 cap.
886 341 910 390 a.
930 341 954 389 5.
972 340 1110 400 §14-17.

246 495 317 555 taria
332 493 418 554 nobis
435 493 629 572 essepossint
645 511 873 571 sermonemque
881 493 914 553 L.
923 494 1018 555 Crassi
1028 495 1177 572 reliquum
1187 514 1310 574 aopaeua

247 591 430 659 postremum
448 579 605 639 memoriae
622 579 792 656 prodamus,
806 589 893 656 atque
909 581 945 652 ei,
967 577 995 639 si
1012 597 1203 657 nequaquam
1221 599 1308 660 parem

247 665 323 725 illius
338 665 466 742 ingenio,
483 673 511 724 at
526 682 581 742 pro
599 674 701 723 nostro
719 674 815 724 tamen
831 665 928 724 studio
949 664 1082 725 meritam
1098 667 1221 742 gratiam
1238 667 1309 726 delri-

194 751 234 801 15.
247 758 366 828 tamque
382 753 556 810 referamus
596 751 697 826 Neque
713 750 789 808 enim
807 751 963 827 quisquam
980 756 1126 821 nostrum,
1147 769 1218 811 oum
1232 752 1309 812 libros

247 835 376 897 Platonis
392 835 562 895 mirabiliter
577 835 702 913 scriptos
716 835 792 912 legit,
809 836 839 893 in
856 835 963 912 quihus
981 835 1120 894 omnibus
1138 833 1309 898 lereSoora-

247 931 291 982 tes
307 920 489 999 exprimitur,
505 937 576 992 non,
591 938 769 998 quamquam
786 920 832 979 illa
849 922 956 999 scripta
970 929 1039 980 sunt
1055 921 1206 995 divinitus,
1223 932 1307 982 tamen

248 1006 342 1066 maius
358 1006 496 1083 quiddam
514 1005 549 1066 de
565 1006 623 1078 illo,
640 1006 676 1065 de
684 1024 745 1083 quo
754 1006 859 1083 scripta
869 1015 946 1078 sunt,
963 1007 1145 1084 suspiratur:
1161 1009 1244 1085 quod
1252 1009 1308 1068 item

248 1109 303 1151 nos
322 1091 503 1169 postulamus
520 1109 607 1150 noua
621 1090 787 1168 tequidem,
804 1091 855 1168 qui
869 1091 955 1151 nobis
966 1090 1063 1150 onmia
1075 1110 1196 1153 summa
1209 1093 1308 1154 tribuis.

146 1235 148 1242 ,
250 1176 300 1236 sed
324 1195 340 1235 a
365 1176 477 1255 ceteris,
498 1177 547 1253 qui
565 1165 636 1236 liaeo
650 1176 681 1235 in
698 1194 803 1236 manus
819 1187 945 1247 sument,
965 1177 1058 1235 maius
1077 1187 1110 1236 ut
1125 1177 1266 1255 quiddam
1281 1180 1308 1237 de

196 1261 234 1312 16.
249 1262 281 1321 L.
297 1262 411 1333 Crasso,
428 1279 515 1339 quam
532 1272 676 1338 quantum
691 1280 706 1320 a
723 1261 807 1321 nobis
825 1262 1014 1340 exprimetur,
1028 1263 1231 1339 suspieentur.
1260 1265 1308 1324 ll'os

231 1347 337 1419 enim,
353 1347 404 1423 qui
420 1347 475 1423 ipsi
491 1347 621 1406 sermoni
634 1365 695 1406 non
710 1344 947 1406 interfuissemus
963 1355 991 1406 et
1007 1346 1154 1425 quibusC.
1164 1348 1246 1410 Cotta
1255 1361 1307 1409 tan·

250 1431 402 1492 tummedo
417 1432 498 1491 locos
515 1450 548 1491 ao
563 1432 720 1492 sententias
736 1432 824 1492 huius
842 1432 1044 1510 disputationis
1063 1432 1237 1506 tradidisset,
1259 1453 1306 1512 quo

199 1541 202 1546 ·
248 1516 279 1575 iu
295 1534 400 1594 genere
416 1516 555 1578 orationis
572 1527 730 1594 utrumque
746 1525 892 1577 oratorem
908 1536 1154 1595 cognoveramus,
1172 1518 1203 1579 id
1223 1521 1305 1598 ipsum

249 1619 352 1662 sumus
367 1602 397 1661 in
413 1620 515 1662 eorum
532 1621 669 1662 sermone
687 1602 863 1663 adumbrare
879 1603 982 1662 eonati.
1022 1603 1110 1675 Quod
1135 1604 1159 1662 si
1176 1606 1242 1688 quis
1258 1606 1306 1664 erit.

249 1687 300 1764 qui
315 1687 420 1748 duetus
437 1687 577 1765 opinione
593 1688 669 1766 volgi
687 1697 737 1747 aut
751 1689 913 1748 Antonium
928 1687 1104 1748 ieiuniorem
1120 1695 1171 1749 aut
1183 1691 1306 1750 Crassum

248 1773 410 1852 pleniorem
426 1773 615 1852 luisseputet‚
632 1791 720 1851 quam
736 1791 795 1851 quo
806 1773 894 1834 modo
912 1793 927 1833 a
943 1771 1028 1832 nobis
1046 1786 1170 1852 uterque
1182 1775 1307 1836 inductus

249 1867 300 1930 est,
315 1859 339 1919 is
355 1858 408 1919 erit
423 1878 457 1918 ex
473 1859 517 1935 iis,
534 1858 585 1936 qui
599 1866 648 1918 aut
660 1859 725 1918 illos
737 1877 798 1918 non
815 1859 961 1918 audierint
974 1859 1163 1919 autiudieare
1176 1879 1238 1921 non
1248 1879 1308 1939 pos·

247 1944 314 2004 sint.
330 1943 403 2004 Nam
413 1944 609 2021 fuituterque,
624 1944 885 2021 utexposuiantea,
901 1962 969 2003 oum
979 1944 1076 2003 studio
1093 1952 1182 2023 atque
1200 1947 1306 2025 ingenio

249 2028 1307 2108 etdoctrinapraestansomnibustuminsuogenerepe1·l'eotus,utneque

247 2114 1307 2192 inAntoniodeessethieornatusorationisnequeinCrassoredundaret.

213 2199 226 2217 ”
333 2199 1308 2280 Utigiturantemeridiemdiscesseruntpaululumquerequierunt,

248 2285 278 2344 in
294 2285 396 2363 primis
412 2284 468 2344 hoo
483 2304 499 2344 a
514 2304 545 2345 se
560 2285 641 2344 Cotta
657 2285 893 2345 animadversum
910 2304 974 2344 esse
991 2285 1119 2357 dicebat,
1144 2306 1234 2348 omne
1248 2285 1306 2347 illud

250 2379 365 2448 tempus
383 2369 583 2430 meridianum·
594 2370 732 2430 Crassum
753 2371 784 2429 in
799 2371 940 2431 acerrima
955 2381 1041 2448 atque
1058 2373 1250 2433 attentissima
1264 2391 1306 2431 co-

333 2508 517 2568 staeqaaqaam,
528 2503 714 2568 niehtetsinaq,
724 2503 833 2553 welches
840 2503 882 2554 bei
890 2502 942 2554 Cio.
952 2503 976 2551 iu
984 2503 1082 2552 keiuam
1092 2505 1262 2568 abgekiirzten
1271 2507 1307 2554 lle-

249 2573 442 2636 diugungssatza
449 2572 621 2633 stelit,dessen
631 2571 750 2622 Pridieat
757 2589 801 2622 aus
808 2574 862 2622 dom
871 2572 947 2622 mitat
954 2571 1132 2635 singoleitoteu
1140 2573 1278 2624 Naehsatze
1285 2589 1308 2621 zu

249 2642 374 2706 erg'duzon
380 2641 422 2692 ist.
435 2641 598 2705 Vgl.lirut.4,
609 2645 653 2692 15:
665 2645 893 2692 remunerandorum
899 2646 1015 2701 nonpura',
1023 2652 1048 2692 ot
1052 2652 1122 2706 prato
1130 2653 1211 2694 tamen
1217 2660 1309 2695 munere.

330 2727 378 2772 pro
395 2721 476 2760 nostro
493 2713 587 2761 studio:
606 2711 703 2773 gemiss
719 2711 812 2760 moiuar
828 2709 913 2772 Liebo,
934 2709 958 2762 d.
969 2711 993 2759 h.
1006 2709 1030 2758 iu
1043 2710 1124 2760 eiuam
1137 2713 1234 2763 meiner
1245 2712 1307 2762 Liobr

249 2779 459 2844 eutsproohendou
478 2777 569 2830 Masso.
606 2779 639 2828 Es
655 2779 688 2831 ist
706 2779 752 2828 urit
769 2782 905 2845 reseramus
923 2796 954 2828 zu
973 2779 1117 2829 rorbindan.

341 2851 378 2900 15.
397 2851 548 2912 eaprimitur,
575 2864 602 2896 so
621 2864 668 2898 nur
685 2848 764 2897 soltan
783 2849 846 2897 ohne
864 2847 936 2897 elnon
958 2846 1015 2899 Abl,
1036 2847 1116 2910 iusti,
1146 2849 1197 2899 wie
1215 2851 1307 2901 diceudo.

249 2919 334 2980 umbra,
355 2922 460 2967 oratione
478 2934 501 2966 u.
520 2917 543 2965 ii.

337 2989 388 3047 illo,
407 2985 478 3037 uoml.
495 3002 557 3049 quae
574 2989 602 3035 de
619 2987 715 3036 Somolo
732 2988 800 3035 Plato
824 2989 950 3034 memoriae
970 2987 1089 3046 prodidit,
1115 3001 1169 3036 was
1197 3003 1240 3036 uus
1263 2986 1307 3034 dem

250 3051 477 3116 Zusammeuhauge
497 3053 574 3102 leieht
595 3070 625 3102 zu
645 3055 769 3117 orginzeu
788 3054 830 3103 ist.

337 3125 381 3185 qus·
397 3126 465 3172 nobie
485 3128 564 3171 orinia
581 3141 673 3172 rurnrna
690 3126 785 3182 tribuis,
805 3125 826 3174 d.
843 3123 867 3170 l1.
883 3121 928 3170 der
938 3121 969 3170 du
989 3128 1185 3190 roraussotzest,
1204 3125 1258 3172 duss
1276 3121 1306 3168 ielr

250 3188 314 3239 alles
332 3206 396 3253 ganz
416 3190 509 3253 riehtig
526 3192 585 3240 oder
602 3191 628 3240 in
640 3192 757 3240 htiohstor
769 3189 996 3242 Vollkomureuheit
1009 3191 1138 3240 darstelle.
1158 3191 1211 3241 Aus
1229 3192 1307 3241 diesen

250 3257 361 3318 Gruude,
374 3260 451 3308 meint
460 3259 508 3308 Cio.
516 3259 668 3320 sehorzhalt,
679 3261 758 3309 kiiune
768 3274 796 3309 or
810 3258 947 3322 ullordiugs
962 3258 1030 3307 nieht
1040 3260 1187 3325 anuohmou,
1201 3262 1255 3309 dass
1265 3257 1307 3308 selu

249 3329 345 3378 Brudor
357 3328 397 3377 bel
410 3328 455 3377 der
463 3326 594 3390 folgenden
606 3328 808 3378 Charaktoristik
819 3330 860 3378 dos
870 3327 974 3376 Crassus
987 3333 1066 3376 etwas
1078 3328 1215 3380 vermisseu
1227 3328 1307 3377 ivardr.

335 3401 415 3447 nialus
426 3408 454 3446 ut
470 3399 584 3461 quiddam
591 3402 788 3458 -ruepa'eentur,
807 3398 852 3446 das
861 3397 1065 3458 rorhergelteudo
1075 3414 1228 3462 nequaquam
1236 3411 1307 3458 parere

248 3469 317 3516 illius
336 3471 432 3530 inquiro
452 3466 604 3525 erl'riuterpd.
638 3466 721 3516 ludess
739 3467 792 3515 siml
814 3466 936 3514 rielmehr
956 3462 1067 3513 Crussns‘
1090 3466 1207 3531 Vorziiqe
1228 3467 1306 3516 chorso

249 3536 327 3585 durch
337 3533 454 3596 Cicero's,
469 3534 739 3584 wiediodesSokrates
752 3531 1100 3598 durehPlato'sllarstolluug
1113 3534 1307 3585 orhiihtwordeu.

339 3609 377 3656 16.
395 3608 481 3668 quitus
499 3609 523 3654 C.
543 3607 798 3661 Cotto—tradidisset,
818 3605 868 3666 vgl.
884 3603 903 3653 l.
914 3608 937 3664 ἵ,
949 3604 981 3654 26
996 3605 1026 3664 (s.
1044 3603 1105 3653 oben
1116 3620 1138 3654 z.
1152 3607 1174 3666 1,
1187 3605 1230 3668 3);
1251 3601 1306 3652 eltis,

250 3677 274 3733 5.,
289 3675 336 3724 ’29ι
354 3678 440 3724 solebat
458 3677 524 3722 Cotta
541 3690 653 3723 narrare.
674 3671 755 3722 L'elter
770 3673 816 3722 den
832 3672 902 3734 Couj.
920 3675 1057 3722 tradidisset
1071 3687 1090 3721 s.
1100 3687 1123 3722 z.
1135 3677 1177 3734 su,
1189 3676 1250 3725 213:
1266 3673 1306 3734 qui.

337 3747 397 3791 locos
415 3760 442 3792 aa
458 3747 604 3792 sentmtiae:
624 3740 801 3806 lluuptpuulrte
820 3741 868 3790 und
887 3740 1111 3804 Gruudgodauleu.

335 3808 1307 3875 coyrroreramus:persiinliehoderauszurerliissigenllittlreiluugenrludoru.

335 3885 435 3938 exposui
449 3892 527 3934 antea,
547 3879 597 3942 rgl.
609 3877 637 3928 ll.
648 3880 673 3940 2,
684 3882 714 3930 l:
739 3888 765 3928 ut
783 3883 825 3928 illa
842 3884 932 3939 opinio,
951 3896 1014 3942 quae
1029 3896 1119 3940 seraper
1132 3881 1234 3942 suisset,
1252 3879 1307 3928 told-

250 3957 325 3998 rrtur.
342 3952 441 3997 ulterram
456 3966 503 3998 reon
517 3953 687 4007 doctissimum,
705 3952 808 3996 alterum
815 3951 890 4008 putu
905 3951 1025 3997 irtdootum
1031 3950 1133 4009 sui-sm
1153 3949 1219 3997 obds.
1235 3949 1255 4008 l,
1267 3949 1276 3996 l
1288 3945 1305 3990 ll

337 4019 376 4064 die
393 4028 501 4068 ornatur.
519 4018 542 4066 rl.
562 4018 586 4066 h.
607 4017 659 4067 der.
679 4031 727 4064 rou
747 4016 865 4064 ueterem
884 4017 932 4064 uir
947 4015 1013 4078 jetzt
1033 4015 1147 4065 haudoln.

343 4080 372 4139 5.
397 4088 435 4135 11.
455 4089 567 4134 Crassum
577 4089 726 4147 -posursse
745 4099 809 4146 gouz
829 4084 879 4134 irie
892 4084 1020 4136 Sokratus.
1039 4085 1126 4134 desseu
1139 4085 1231 4135 Abbild
1245 4083 1306 4130 Cras·
