2756 4520
204 353 245 420 36
412 351 456 402 DE
475 347 905 413 ouurunn,1tb.1n.e.12.13.
926 345 1070 412 §tr-49.

205 509 278 572 dixit
296 507 351 569 sibi
367 506 468 568 rideri.
504 506 582 566 'l'um
596 505 652 578 ille,
667 504 744 578 Quid
762 504 842 582 quod
857 503 1077 579 morchidum,
1094 512 1128 564 ut
1143 522 1186 577 eu,
1202 521 1284 582 quae

204 595 237 656 in
251 611 372 674 quoque
388 593 514 652 maxima
529 598 641 664 essent,
662 585 869 650 imitaremur?
897 607 933 648 ex
949 606 1009 667 quo
1024 607 1132 649 vereor
1153 608 1192 650 ne
1206 589 1285 650 nihil

206 681 262 742 sim
277 680 320 740 tui
335 679 391 740 nisi
408 677 630 756 supplosionem
645 675 727 755 pedis
741 675 868 735 imitatus
884 682 913 735 et
927 691 1020 752 pauca
1035 674 1180 752 quaedam
1190 674 1284 735 verba

206 774 235 827 et
248 765 393 844 aliquem,
417 763 442 824 si
457 765 543 835 torte,
566 771 689 822 motum.
732 760 811 839 Ergo
826 759 895 830 ista,
918 759 1014 837 inquit
1038 760 1179 840 Crassus,
1204 778 1285 839 quae

207 851 299 912 babes
313 869 330 910 a
346 861 403 920 ine,
418 865 481 908 non
498 846 694 925 reprehendo,
710 864 748 906 ne
759 845 913 923 meipsum
922 844 1060 904 irrideam
1076 879 1117 890 -
1134 853 1208 906 sunt
1224 864 1283 906 au·

206 946 265 998 tem
282 953 346 996 mea
362 935 455 994 multo
472 941 500 992 et
512 933 597 1010 plura
620 939 649 992 et
662 931 780 1001 maiora,
802 948 892 1008 quam
913 929 986 990 diois
1003 947 1060 989 -ε
1082 947 1159 1008 quae
1180 940 1284 992 autem

206 1029 276 1082 sunt
290 1028 340 1082 aut
355 1028 405 1079 tua
421 1019 506 1097 plane
520 1027 570 1077 aut
583 1017 743 1077 imitatione
759 1034 794 1076 ex
811 1015 909 1094 aliquo
925 1031 1073 1093 expressa,
1097 1015 1134 1075 de
1150 1016 1186 1078 iis
1203 1023 1242 1089 te,
1259 1016 1284 1076 si

94 1107 192 1170 1948.
207 1107 258 1186 qui
274 1124 322 1166 me
336 1107 414 1164 forte
426 1105 510 1163 locus
519 1101 713 1173 admonuerit,
729 1100 935 1160 commonebo.
961 1100 1184 1162 Praetereamus
1193 1101 1286 1180 igitur

206 1199 361 1272 praecepta
375 1189 477 1248 Latine
489 1187 639 1266 loquendi,
655 1205 729 1264 quoe
737 1186 858 1265 puerilis
872 1185 1004 1247 doctrina
1012 1186 1100 1246 tradit
1107 1194 1138 1247 et
1144 1187 1284 1248 subtilior

207 1277 335 1356 cognitio
349 1293 383 1334 ac
397 1275 471 1334 ratio
486 1273 648 1333 litterarum
664 1272 713 1332 alit
727 1271 969 1334 autconsuetudo
982 1272 1132 1332 sermonis
1143 1273 1284 1332 cotidiani

207 1381 241 1422 ac
256 1359 419 1434 domestici,
434 1358 501 1418 libri
515 1358 691 1418 confirmant
706 1365 735 1417 et
749 1357 834 1418 lectio
846 1366 981 1417 veterum
995 1365 1150 1418 oratorum
1166 1367 1195 1418 et
1207 1365 1285 1437 poo-

208 1455 313 1507 tarum.
336 1445 439 1522 Neque
450 1461 519 1503 vero
536 1444 567 1503 in
582 1443 630 1503 illo
646 1443 736 1502 altero
753 1442 862 1503 diutius
879 1460 1111 1514 commoremur,
1127 1453 1161 1503 ut
1175 1443 1284 1522 dispu-

208 1541 315 1606 temus,
330 1529 439 1608 quihus
456 1528 545 1589 rebus
561 1528 682 1606 adsequi
697 1528 855 1606 possimus,
877 1535 910 1588 ut
925 1546 966 1599 ea,
982 1545 1057 1605 quae
1073 1527 1218 1602 dicamus,
1234 1529 1285 1589 in·

154 1625 196 1678 49.
211 1617 396 1695 tellegantur:
419 1614 520 1675 Latine
535 1614 644 1674 scilicet
658 1613 792 1682 dicendo,
810 1612 906 1672 verbis
922 1613 1034 1673 nutans
1047 1631 1081 1672 ac
1096 1614 1220 1692 proprie
1229 1615 1284 1674 de·

211 1699 442 1762 monstrantibus
466 1718 515 1771 ea,
540 1717 615 1778 quae
640 1697 797 1777 significari
820 1717 853 1758 ac
879 1697 1019 1758 declarari
1041 1699 1193 1770 volemus,
1215 1699 1284 1760 sine

209 1787 345 1866 ambiguo
361 1784 452 1845 verbo
467 1792 518 1845 aut
533 1801 679 1852 sermone,
696 1802 758 1843 non
776 1783 863 1844 nimis
878 1783 964 1862 longa
979 1783 1201 1845 continuatione
1211 1804 1284 1845 ver·

208 1872 326 1952 borum,
342 1889 404 1930 non
421 1869 503 1930 valde
520 1869 671 1948 productis
687 1868 732 1941 iis,
756 1886 830 1948 quae
846 1868 1043 1929 similitudinis
1059 1887 1146 1930 causa
1163 1887 1198 1930 ex
1217 1871 1285 1930 aliis

208 2022 257 2057 von
277 2002 603 2066 Personeobezeiohnungen
628 2003 781 2066 verbunden,
808 2003 869 2053 aber
893 2002 932 2052 bei
957 2002 1028 2052 einer
1050 2001 1233 2054 hehnlichkeit
1260 2006 1289 2056 in

209 2074 338 2126 einzelnen
357 2071 472 2122 Punkten
499 2071 559 2120 oder
584 2070 762 2134 lieziehungen‚
789 2071 844 2121 also
869 2070 940 2122 einer
960 2071 1120 2122 theilweisen
1144 2072 1290 2124 Uoberein-

209 2144 342 2206 stimmung
360 2142 425 2190 kann
445 2141 508 2190 anch
534 2139 575 2189 hei
592 2138 716 2190 Personen
741 2141 786 2190 dor
806 2140 865 2193 llut.
885 2142 980 2202 stehen,
1004 2141 1127 2190 wiihrend
1154 2142 1199 2192 der
1221 2141 1289 2194 Gen.

209 2213 249 2263 die
267 2208 514 2274 Wesensgleichbeit
532 2209 592 2258 oder
610 2206 821 2273 Gleiohortigkeit
838 2209 992 2259 bezeichnet.
1013 2207 1065 2259 Zur
1085 2209 1166 2260 Snohe
1183 2211 1238 2275 vgl.
1256 2212 1289 2264 ll.

210 2285 251 2346 21,
271 2281 317 2333 89:
340 2282 441 2330 Onnne'no
467 2283 495 2326 in
519 2281 581 2326 iilud
595 2294 670 2341 penus
692 2295 744 2328 eum
765 2281 847 2329 Orasse'
862 2282 1014 2344 mopniflsunn
1036 2287 1108 2342 atque
1126 2285 1291 2342 prasolmns

209 2360 300 2402 nutura
317 2353 371 2411 ipso
389 2350 495 2404 ducebat,
522 2350 565 2396 sed
579 2363 607 2396 eo
624 2363 672 2397 non
689 2349 748 2396 sues
759 2351 878 2410 proficere
891 2353 1017 2408 potuisset,
1041 2352 1094 2415 nisi
1107 2352 1186 2399 eodem
1202 2355 1291 2400 studio

209 2430 282 2484 atque
298 2421 431 2469 imitatione
448 2418 586 2466 intendisset
603 2425 674 2479 otqsse
690 2419 725 2466 ita
743 2419 821 2468 disere
831 2427 970 2480 consuesset,
986 2425 1070 2468 uttoto
1081 2427 1158 2468 mente
1169 2421 1292 2470 &oswen

211 2498 282 2552 atque
302 2489 368 2535 omni
384 2489 465 2534 animo
482 2490 624 2534 intueretur.

297 2557 367 2616 Quid,
392 2556 457 2618 qnod
477 2553 552 2602 leitet
569 2554 613 2602 das
631 2566 676 2602 aus
694 2553 738 2603 der
756 2551 883 2616 llahnuug
900 2554 943 2604 des
962 2551 1085 2603 Antonius
1112 2550 1153 2619 (ll.
1173 2555 1217 2618 22,
1242 2556 1291 2618 99)

211 2623 265 2674 sich
282 2622 420 2686 urgebende
439 2622 577 2684 Argument
594 2621 642 2684 ein,
663 2622 720 2671 dass
738 2621 778 2671 die
794 2620 946 2688 hehaopteto
964 2621 1143 2672 dehuliohkeit
1161 2623 1215 2673 des-
1228 2624 1293 2676 Sul-

211 2691 289 2759 picius
314 2689 360 2740 mit
378 2690 484 2740 Crassus
507 2689 561 2739 sich
584 2706 631 2739 nur
654 2687 700 2739 ani
721 2689 875 2740 iiosserliche
900 2690 996 2741 Punkte
1022 2691 1167 2743 erstreelreu
1192 2693 1292 2758 hinne,
1375 2699 1376 2702 ’

211 2776 311 2811 woraos
330 2760 395 2809 dsnn
410 2759 501 2810 weiter
518 2775 548 2808 zu
566 2755 663 2822 luigero
682 2759 725 2820 ist,
745 2759 802 2808 dass
821 2759 861 2808 die
880 2761 1043 2825 liehanptung
1057 2761 1222 2812 descramus
1238 2779 1292 2813 von

211 2834 326 2880 sinentes
340 2833 449 2891 periculo
463 2845 561 2889 posuun
578 2838 599 2878 te
615 2829 786 2890 reprehendere
805 2827 1032 2893 ungerechtfertigt
1052 2829 1093 2879 ist.
1129 2829 1167 2880 Zu
1184 2837 1293 2894 suppio-

212 2903 300 2950 sionem
306 2902 375 2958 pedis
390 2898 438 2962 vgl.
452 2898 494 2960 59,
507 2899 556 2950 220
574 2897 624 2946 und
644 2895 684 2946 die
698 2901 767 2956 2119,
781 2898 813 2947 33
832 2895 980 2961 augeidhrte
994 2896 1074 2948 Stella
1087 2897 1156 2950 Brut.
1169 2901 1214 2960 43,
1231 2904 1294 2954 158.

300 2971 322 3017 si
332 2968 415 3028 sorte:
440 2964 577 3028 miiglicher
598 2963 694 3026 Weiss,
714 2965 747 3014 im
766 2965 946 3028 gliickliehston
966 2965 1046 3028 Folle,
1074 2966 1170 3030 grieoh.
1190 2972 1223 3020 si
1240 2989 1294 3041 πῃ,

214 3037 241 3088 εἲ
256 3051 320 3085 nou.
341 3034 399 3097 Vgl.
419 3035 448 3084 de
461 3034 501 3084 oli.
514 3032 543 3083 ll.
555 3037 595 3095 20,
609 3036 654 3085 tu:
678 3035 857 3100 Videndumque
874 3037 993 3099 illudent,
1014 3039 1086 3100 quod,
1105 3039 1128 3085 si
1144 3042 1295 3098 opulentum

211 3107 409 3168 fortunatumque
420 3106 564 3168 defenderis,
582 3106 609 3152 in
618 3120 666 3152 uno
680 3106 722 3152 iiio
734 3113 784 3166 aut,
793 3107 818 3152 si
821 3105 897 3166 forte,
915 3107 943 3153 iu
954 3107 1036 3154 iiiers's
1043 3108 1095 3154 eius
1105 3113 1292 3170 manetyrsts'o.

297 3187 326 3221 en
343 3174 432 3235 atiquo,
451 3171 521 3219 nieht
532 3188 604 3222 =en
620 3175 667 3221 olio
681 3175 769 3236 siquo,
789 3171 903 3235 ohgleioh
916 3172 1042 3222 natiirlieh
1060 3171 1165 3224 Crassus
1180 3189 1215 3224 an
1233 3179 1294 3226 An-

214 3241 272 3291 dcre
291 3253 377 3288 ausser
396 3239 449 3289 sich
468 3240 551 3290 donht.

302 3304 352 3364 13.
374 3309 414 3360 48.
433 3311 544 3359 subtilior
560 3312 660 3372 eopnitio
678 3326 707 3360 oo
725 3312 788 3359 ratio
810 3306 851 3374 (ἓν
869 3303 916 3360 διὰ
935 3307 1025 3370 δυοῖν)
1049 3313 1198 3361 literarum:
1235 3314 1296 3368 eine

215 3375 392 3442 griindlichere
411 3377 461 3426 und
478 3377 645 3428 methodische
657 3375 850 3442 Beschiiltigung
861 3377 908 3427 mit
923 3377 968 3428 der
977 3377 1126 3430 Litteratur.
1144 3377 1194 3430 Der
1209 3397 1296 3446 ganzo
1373 3419 1374 3438 ,

216 3445 374 3497 llelativsuts
394 3443 429 3495 ist
446 3445 501 3496 eine
518 3445 785 3509 welteredusiiihrong
796 3461 846 3495 von
867 3449 907 3509 11,
926 3449 974 3499 42:
993 3463 1076 3498 nemen
1092 3451 1122 3498 id
1131 3450 1216 3512 adjut
1229 3459 1297 3504 rotro

213 3543 248 3551 —
267 3518 387 3580 loquendi.
726 3549 728 3556 ι

300 3588 357 3635 elit:
375 3581 526 3642 belrucbtet,
546 3580 658 3634 vertieit.

298 3661 355 3704 eut:
373 3651 433 3702 oder
450 3651 484 3700 im
501 3652 608 3701 anderen
627 3649 707 3713 Fullo,
725 3665 766 3700 wo
784 3649 898 3712 nemlich,
917 3651 967 3702 wie
985 3667 1005 3702 z.
1019 3652 1047 3703 li.
1059 3651 1101 3702 bei
1113 3651 1295 3722 oengus-auen,

214 3720 270 3771 eine
290 3725 403 3772 subtsiior
420 3725 521 3786 eoynits'o
537 3756 543 3770 .
559 3724 712 3772 ,litterarum
731 3719 800 3769 nicht
820 3735 850 3769 zu
870 3726 996 3770 erwsrten
1014 3719 1055 3770 ist

298 3799 325 3839 ut
373 3793 550 3852 instituantur,
569 3803 589 3838 s.
607 3805 628 3841 s.
651 3791 690 3850 10,
712 3791 757 3840 ³8:
775 3797 803 3838 ut
819 3792 970 3853 inestuqesur
987 3793 1105 3854 quidqu.
1120 3793 1145 3842 d.

301 3860 343 3910 49.
352 3860 448 3920 Latine,
458 3873 478 3910 s.
486 3873 508 3912 z.
518 3860 557 3920 10,
566 3860 614 3920 373
626 3862 728 3920 proprie
735 3861 958 3919 demonstrantibus,
966 3856 999 3907 im
1007 3857 1147 3922 Gogonsatz
1159 3873 1189 3907 zu
1203 3871 1294 3914 wasu-

216 3928 273 3976 iatis
288 3925 337 3977 wie
356 3928 396 3988 37,
416 3929 465 3979 149
483 3926 534 3976 und
553 3928 594 3987 39,
621 3929 674 3988 159,
695 3927 762 3977 also:
783 3927 879 3976 welche
900 3927 964 3976 ohne
983 3925 1038 3976 nitu
1055 3927 1218 3979 bezeichnen.

301 4012 423 4046 sermm:
441 3995 683 4058 Wortverhindong.

301 4067 469 4115 similitudinis
493 4081 579 4116 sousa:
605 4079 652 4114 sur
670 4062 863 4128 Vergleiohung.
902 4061 1018 4115 Gemeiot
1039 4063 1095 4115 siud
1113 4062 1292 4127 allegorialis
