2734 4522
280 314 323 366 nn
342 314 507 380 oneronu,
525 315 569 369 ru.
587 313 629 368 ur.
650 330 701 382 etp.
718 315 759 370 se.
779 319 820 372 aa.
837 317 1009 385 tero-21³.
1118 318 1179 385 133

101 472 235 538 auditori
262 489 360 550 neque
390 489 534 550 personae
563 489 661 548 neque
689 473 816 551 tempori
845 491 1009 552 congruere
1038 474 1180 536 orationis

105 576 204 623 unum
225 575 326 638 genus.
354 557 427 618 Nam
448 565 476 618 et
497 576 600 620 causae
617 557 717 635 capitis
743 559 831 620 alium
854 559 1003 637 quendam
1019 560 1180 624 verborum
1193 573 1251 624 211.

103 661 221 705 sonum
233 643 406 721 requirunt,
423 642 512 703 alium
533 661 634 702 rernm
659 644 838 720 privatarum
854 654 941 722 atque
956 663 1130 723 parvarum;
1153 653 1182 706 et

101 729 187 791 aliud
202 727 318 790 dicendi
333 746 426 806 genus
441 727 678 800 deliberationes,
700 727 777 788 aiud
793 729 983 802 laudationes,
1000 730 1077 790 aliud
1102 731 1180 792 iudi·

107 815 161 890 cia,
186 813 263 877 aliud
279 831 442 886 sermones,
460 813 538 874 aliud
557 813 727 892 consolatio,
742 813 820 874 aliud
835 814 1008 894 obiurgatio,
1023 816 1101 878 aliud
1119 816 1180 878 dis-

105 899 229 978 pntatio‚
244 899 321 959 aliud
337 899 458 960 historia
473 898 624 960 desiderat.
655 899 757 962 Refert
771 899 855 960 etiam
874 901 925 977 qui
942 901 1078 976 audiant,
1093 919 1180 963 sena-

108 997 158 1046 tus
180 985 225 1047 an'
241 983 370 1063 populus
391 1001 429 1043 an
448 983 576 1056 indices;
602 987 771 1062 trequentes
798 1003 834 1046 an
858 986 942 1063 pauci
965 1004 1003 1045 an
1026 986 1133 1064 singuli
1153 993 1183 1048 et

105 1071 229 1149 quales;
255 1069 371 1147 ipsique
396 1079 527 1130 oratores
553 1087 611 1148 qna
633 1069 693 1130 sint
714 1077 821 1149 aetate,
849 1070 978 1145 honore,
1000 1071 1180 1148 auctoritate,

104 1155 200 1216 dehet
212 1155 321 1227 rideri,
336 1162 462 1232 tempos,
478 1154 557 1232 pacis
573 1173 610 1214 en
625 1154 710 1227 belli,
727 1155 920 1217 festinationis
934 1175 971 1217 an
986 1157 1045 1218 otii.
1079 1157 1180 1235 ltaque
1192 1178 1251 1230 212

109 1242 169 1304 hoc
193 1241 258 1300 loco
283 1239 355 1300 nihil
376 1258 447 1300 sane
469 1240 615 1317 estquod
637 1240 766 1318 praecipi
788 1260 877 1320 posse
898 1241 1046 1318 videatur,
1069 1242 1125 1302 nisi
1149 1249 1182 1304 ut

106 1327 237 1406 liguram
262 1323 402 1385 orationis
424 1325 564 1403 plenioris
580 1335 608 1386 et
631 1326 774 1387 tenuioris
791 1335 820 1387 et
840 1327 910 1388 item
930 1327 1007 1391 illius
1024 1327 1181 1388 mediocris

103 1414 145 1472 ad
162 1411 200 1484 id,
217 1410 297 1488 qnod
313 1428 443 1488 agemus,
458 1411 708 1472 accommodatam
723 1411 893 1490 deligamus.
927 1413 1114 1474 Ornamentis
1129 1413 1180 1474 iis·

109 1497 179 1558 dem
194 1497 236 1557 uti
252 1499 314 1556 iere
327 1495 426 1557 licebit
439 1495 508 1556 alias
531 1497 713 1568 contentius,
734 1496 802 1556 ahas
818 1499 1022 1571 summissius3
1042 1499 1182 1577 omnique

105 1584 139 1644 in
156 1601 189 1642 re
210 1599 299 1660 posse
314 1581 394 1658 quod
415 1581 515 1642 deceat
536 1583 632 1642 facere
655 1581 724 1643 artis
740 1592 769 1642 et
790 1591 910 1643 naturae
928 1593 987 1656 est,
1010 1583 1085 1644 seire
1109 1583 1179 1661 quid

105 1667 289 1748 quandoque
308 1666 409 1726 deceat
423 1666 603 1745 prudentiae.

196 1752 252 1813 Sed
269 1752 340 1812 haec
358 1752 456 1812 omnia
472 1752 594 1830 perinde
608 1759 693 1827 sunt,
717 1759 749 1812 ut
771 1759 907 1830 aguntur.
938 1751 1031 1826 Actio,
1049 1753 1179 1830 inquam,
1193 1745 1312 1830 56213,
1358 1783 1359 1786 ¹

105 1839 140 1900 in
156 1837 280 1899 dicendo
297 1855 356 1897 nna
371 1837 547 1897 dominatur.
575 1837 645 1898 Sine
663 1837 717 1919 hac
731 1855 866 1897 summus
883 1845 982 1897 orator
996 1856 1060 1897 esse
1073 1838 1104 1897 in
1120 1857 1178 1899 nu·
1358 1843 1359 1848 ’

110 1943 194 1986 mero
210 1922 292 1984 nullo
309 1931 419 2000 potest,
443 1922 598 1983 mediocris
621 1923 676 1983 hac
689 1923 850 1983 instructus
868 1940 1000 1983 summos
1025 1941 1110 2002 saepe
1126 1942 1179 1983 sn-

110 2027 223 2090 perare.
247 2007 323 2068 Huic
338 2009 448 2086 primas
464 2004 578 2068 dedisse
594 2008 806 2068 Demosthenes
818 2007 933 2080 dicitur,
945 2025 1012 2066 cum
1028 2017 1182 2086 rogaretur

104 2151 212 2206 ¹ciamare,
237 2157 372 2206 semperque
389 2145 416 2192 he
434 2145 500 2192 omni
517 2152 590 2204 parte
614 2144 729 2192 oratione}
747 2153 775 2193 ut
795 2145 857 2194 odae
881 2147 942 2206 quid
963 2146 1040 2194 deceat
1057 2154 1090 2192 eet
1106 2147 1182 2194 eomi-

105 2218 256 2270 derandum,·
279 2215 344 2275 quod
359 2223 381 2262 et
398 2215 424 2260 in
442 2228 482 2270 re,
505 2215 533 2262 de
556 2228 605 2274 quo
629 2215 724 2276 agetur,
743 2215 851 2273 positum
867 2222 913 2274 eet,
938 2221 960 2262 et
984 2216 1010 2262 in
1031 2228 1145 2274 peronem
1161 2222 1183 2263 ot

106 2299 208 2343 eonon,
229 2283 274 2346 qui
289 2284 385 2345 dicent,
405 2290 426 2329 et
444 2295 538 2340 eorum,
557 2282 602 2344 qut
618 2284 728 2330 audiunt.

179 2347 370 2416 conquerenti
390 2349 444 2398 dem
461 2347 547 2414 Datin,
567 2348 614 2398 wie
633 2355 709 2398 nnten
731 2352 772 2412 59,
791 2350 855 2412 2223
878 2348 992 2412 hiiuliger
1007 2347 1099 2411 jedoch
1119 2347 1183 2399 wird

106 2435 137 2472 oe
154 2419 201 2470 mit
219 2435 273 2469 etun
291 2418 444 2469 verbunden.

183 2490 243 2540 211.
264 2490 333 2537 aliud
348 2490 446 2538 rodina.
479 2485 525 2535 Die
543 2489 634 2536 iudicio
651 2484 706 2534 sind
723 2501 794 2535 zwer
811 2486 887 2536 sehon
905 2485 938 2535 im
950 2485 1183 2550 *Vorhorgehenden

115 2558 196 2608 durch
218 2555 257 2606 die
277 2554 364 2604 beiden
382 2556 461 2605 huten
489 2553 533 2604 der
557 2571 642 2604 caueae
663 2553 822 2618 bezeichnet3
852 2555 907 2604 hier
933 2555 994 2604 uher
1022 2555 1087 2605 wird
1110 2554 1184 2618 jener

110 2621 421 2688 Gettnngshcgriil
437 2625 530 2673 andern
549 2621 797 2686 Gattnngshegritien
814 2630 1042 2687 eutgegengesetzt.

180 2697 260 2744 umere·
276 2695 476 2753 monadorum,
504 2691 552 2742 wie
570 2689 663 2754 litters,
684 2707 706 2741 a.
730 2692 755 2742 B.
774 2691 851 2744 head.
868 2690 898 2741 ll.
919 2695 958 2759 13,
978 2695 1025 2746 to:
1060 2697 1134 2742 Nune
1156 2708 1184 2742 ea

109 2767 242 2826 uideamus,
259 2779 321 2826 quae
337 2771 421 2812 eontra
438 2763 467 2810 ab
484 2765 522 2811 lustr
539 2765 662 2822 disputari
677 2764 758 2813 colent.

180 2834 239 2883 21'2.
253 2836 364 2895 fipurarn
384 2833 514 2890 orationis,
534 2829 647 2879 dasselhe
665 2829 715 2878 wie
732 2831 840 2880 habitum
857 2831 898 2893 52,
920 2831 982 2891 199,
1002 2842 1043 2877 wo
1062 2826 1184 2878 ebenlalls

110 2901 153 2951 dio
178 2899 233 2950 drei
248 2916 337 2965 genera
359 2901 456 2949 demde·
478 2900 566 2964 (γένος
584 2893 672 2965 ἁδρὸν
691 2897 752 2948 oder
769 2901 875 2962 grando,
900 2891 997 2966 ἰσχνὸν
1015 2898 1076 2948 oder
1098 2891 1185 2961 λιτόν,

107 2972 211 3041 pedoni
232 2969 348 3018 erodunt
364 2967 427 3020 sind.

181 3040 328 3088 contemtus:
348 3035 578 3099 nechdriicklioher,
597 3039 759 3086 mmrneheiue:
778 3033 939 3098 gehnltener,
956 3035 1117 3087 masevoller.

178 3110 240 3158 areis
257 3116 280 3158 et
296 3115 406 3166 naturae,
426 3103 456 3157 ἓν
474 3099 521 3156 did
536 3105 632 3156 donin:
650 3106 696 3155 der
713 3103 913 3153 kiinstlerischen
925 3101 1107 3168 Naturanlege,
1122 3120 1184 3166 pase

109 3179 220 3228 dmum:
238 3175 280 3225 dee
297 3173 455 3240 prektischen
477 3171 566 3224 Blicks.

182 3239 235 3300 56.
256 3245 313 3296 213.
330 3245 432 3303 perinde
448 3253 477 3294 ut
493 3242 527 3292 ist
546 3241 637 3291 ehenso
651 3241 736 3304 hiinlig
753 3241 791 3290 als
810 3245 911 3302 perinde
928 3258 962 3291 ao.

181 3330 231 3362 una
250 3316 396 3373 dominetur,
416 3327 437 3361 s.
456 3326 478 3360 z.
499 3315 523 3373 8,
544 3314 584 3361 at.
619 3309 678 3360 Dies
697 3310 829 3360 Zehlwort
847 3312 916 3361 steht
934 3310 998 3360 auch
1015 3308 1056 3359 hei
1074 3307 1182 3370 Verben,

109 3383 187 3434 deren
209 3381 305 3444 Begriff
318 3379 357 3430 oin
378 3379 600 3446 superlativisoher
614 3377 661 3442 ist,
687 3378 870 3445 pleonustiseh3
894 3377 946 3442 vgl.
964 3376 982 3428 l.
1002 3379 1026 3440 8,
1045 3378 1091 3429 3111
1118 3378 1185 3426 Haeo

111 3471 163 3504 una
179 3468 218 3503 res
238 3476 267 3486 -
283 3453 413 3511 praecipue
428 3465 519 3510 semper
531 3451 623 3511 floruit
640 3465 777 3512 semperque
793 3452 916 3498 dominata
933 3457 972 3498 eet.

181 3521 208 3571 in
224 3535 324 3570 numero
342 3522 417 3578 nullo,
438 3533 458 3568 s.
476 3533 497 3569 z.
517 3519 543 3582 9,
561 3519 602 3568 33.

181 3591 355 3639 Demosthenes.
387 3586 443 3649 Vgl.
462 3587 531 3638 Bcnt.
549 3587 666 3650 38‚142:
690 3585 869 3635 Demosthenem
880 3585 972 3644 ferunt
989 3586 1019 3647 ei,
1037 3585 1082 3646 qui
1091 3584 1184 3645 quaesi-

112 3663 192 3724 omo,
209 3661 270 3722 quid
280 3661 390 3719 primum
401 3665 459 3706 esset
476 3659 502 3704 in
515 3657 620 3706 dicendo.
639 3657 760 3715 actionnn,
778 3655 839 3715 quid
854 3656 996 3714 seeundum,
1013 3654 1075 3701 idem
1088 3661 1110 3702 at
1123 3654 1185 3701 idme

111 3732 210 3778 tertium
237 3729 394 3788 reapondisse.
428 3728 506 3776 Nulla
534 3741 572 3774 ree
596 3727 672 3788 magis
695 3731 804 3783 penetrat
832 3725 858 3770 in
883 3727 975 3771 anteros
995 3736 1079 3784 eosque
1099 3723 1185 3785 fingit,

102 3799 211 3862 serm,
222 3798 308 3860 flectet,
327 3798 429 3858 micaque
446 3803 551 3844 oratores
567 3795 646 3844 vidae·
655 3791 734 3853 facit,
750 3795 832 3854 quales
850 3792 901 3850 spei
916 3806 940 3839 se
955 3793 1033 3841 otiari
1051 3794 1140 3841 nolunt.
1193 3829 1195 3836 .

183 3873 320 3929 reparetur,
339 3861 395 3912 hier
415 3863 473 3912 sehr
492 3863 596 3927 passcnd
615 3865 722 3926 gesetzt,
741 3858 837 3908 welles
852 3857 907 3908 eine
920 3859 1026 3909 ohreude
1038 3856 1121 3922 Frage
1140 3858 1185 3908 be-

111 3933 243 3997 zeichnet,
262 3933 338 3982 deren
358 3933 554 3994 Beantwortnng
575 3930 613 3980 nls
631 3927 686 3979 eine
705 3924 871 3992 Gelilligleit
888 3929 1030 3978 ncznsehen
1055 3925 1096 3978 ist.
1136 3925 1185 3976 Des

112 4001 183 4070 impl.
209 4007 275 4051 statt
298 4001 341 4051 des
359 3997 485 4066 Plusqupl.
509 4000 554 4050 hat
579 3996 619 4050 hei
642 3997 689 4048 den
708 3996 807 4048 Verhen
828 3998 870 4046 dos
888 3995 1000 4060 Fragens
1021 3995 1071 4046 und
1089 3993 1186 4046 Bittens

108 4069 192 4122 niehts
210 4066 373 4133 Aufftlliges.
