2760 4520
250 317 293 369 un
315 317 481 386 onnronu,
499 319 545 372 ru.
565 318 596 371 u.
617 335 670 387 esp.
690 323 730 373 aa.
750 324 790 374 aa.
810 324 826 385 s
845 325 988 378 eno-ann.
1053 397 1056 406 Ι
1098 318 1159 385 165

129 471 132 474 ’
172 476 268 536 Omne
299 484 396 537 autem
430 475 609 555 principium
641 485 692 536 aut
723 477 766 537 rei
799 478 902 550 uotiua,
941 495 1015 555 quae
1048 486 1158 556 agetm·,
1174 485 1293 548 79320.

80 561 329 641 significationem
358 560 607 622 hebere'debebit
627 568 677 622 aut
697 560 807 623 aditum
830 562 866 623 ad
890 579 1008 624 causam
1029 571 1057 623 et
1076 581 1159 623 com-

81 647 282 708 munitionem
308 655 364 708 ¹aut
396 646 545 724 quoddam
579 656 786 708 ornamentum
817 659 845 708 et
870 647 1048 727 dignitatem.
1101 649 1159 710 Sed

82 741 220 812 oportet,
254 741 287 792 ut
313 731 436 793 aedibus
458 751 491 792 ac
512 732 628 810 templis
650 731 792 794 vestibula
814 742 843 794 et
863 733 975 807 aditus,
1000 733 1043 794 sic
1063 734 1160 795 causis

80 817 231 898 principia
256 835 326 897 pro¹
341 817 477 896 portione
490 829 493 836 ’
507 836 609 900 rerum
637 835 829 897 praeponere.
872 820 972 898 itaque
1003 820 1034 880 in
1053 827 1055 832 '
1062 820 1161 898 parvis

82 913 175 982 atque
205 902 443 982 infrequentibus
479 903 574 964 causis
608 902 644 963 ab
676 903 739 981 ipsa
768 923 801 964 re
834 913 878 965 est
911 903 1040 965 exordiri
1075 921 1161 983 saepe

83 989 283 1050 commodius.
319 988 375 1049 Sed
397 1005 465 1048 cum
482 989 538 1049 erit
554 987 697 1048 utendum
713 989 867 1068 principio,
890 988 969 1069 quod
985 990 1162 1069 plerumque
1175 985 1234 1036 321·

84 1075 151 1148 crit,
176 1082 226 1135 aut
248 1091 283 1133 ex
305 1088 356 1134 reo
380 1081 430 1133 aut
450 1092 486 1134 ex
506 1074 672 1134 adversario
695 1082 745 1134 aut
765 1092 801 1134 ex
823 1093 855 1134 re
880 1084 930 1136 aut
951 1094 987 1135 ex
1009 1074 1060 1149 eis,
1081 1074 1160 1153 apud

84 1179 166 1238 quos
186 1167 304 1238 agetur,
326 1159 496 1234 'sententias
518 1158 586 1220 duci
603 1158 707 1220 licebit.
751 1160 795 1220 Ex
813 1178 864 1220 reo
887 1195 930 1205 —
949 1179 1018 1220 reos
1039 1159 1162 1240 appello,

84 1263 221 1324 quorum
255 1262 304 1305 res
334 1253 378 1304 est
403 1278 462 1317 -,
492 1261 567 1322 quae
599 1243 765 1323 significent
796 1244 909 1306 bonum
940 1246 1051 1318 virum,
1088 1262 1162 1322 quae

83 1331 248 1402 liberalem,
280 1346 355 1407 quae
379 1330 590 1404 calamitosum,
614 1347 688 1406 quae
711 1330 911 1392 misericordia
933 1331 1066 1410 dignum,
1088 1348 1162 1408 quae

84 1417 204 1476 valeant
222 1426 335 1475 contra
364 1415 466 1496 baisam
495 1415 744 1476 criminationem:
786 1434 822 1477 ex
855 1416 1023 1478 adversario
1057 1416 1162 1476 iisdem

86 1520 125 1562 ex
139 1500 214 1561 locis
230 1503 293 1560 iere
308 1501 461 1561 contraria.
496 1501 540 1561 Ex
556 1518 597 1571 re,
617 1500 642 1560 si
657 1500 791 1571 crudelis
811 1502 837 1562 si
851 1503 986 1574 nefanda,
1007 1501 1032 1562 si
1046 1511 1162 1581 praeter
1174 1499 1234 1552 322.

85 1586 279 1666 opinionem,
306 1586 332 1646 si
352 1585 517 1659 immerito,
547 1585 573 1646 si
595 1585 717 1659 misera,
745 1587 769 1646 si
788 1586 916 1666 ingrata,
937 1587 962 1648 si
981 1586 1116 1666 indigna,
1139 1588 1164 1647 si

85 1691 176 1747 nova,
199 1669 321 1753 siquae
340 1671 454 1732 restitui
474 1671 629 1750 sanarique
645 1688 706 1732 non
722 1671 829 1750 possit:
853 1691 889 1733 ex
904 1673 939 1732 iis
955 1682 1061 1740 autem,
1085 1673 1163 1752 apud

86 1753 167 1842 quos
201 1761 317 1835 agetur,
349 1762 383 1816 ut
412 1755 570 1816 benevolos
603 1755 737 1834 beneque
768 1756 957 1820 existimantis
986 1757 1164 1818 efficiamus:

86 1929 135 1978 der
153 1924 291 1976 Schiinheit
308 1925 358 1974 und
377 1923 458 1983 Fdlle,
478 1923 529 1989 vgl.
546 1923 563 1976 Ι.
582 1927 608 1990 6,
626 1926 672 1977 20:
696 1941 724 1976 en
741 1943 824 1977 rseuns
841 1928 974 1990 eeqns'te'one
991 1927 1126 1990 efflorescat
1142 1937 1164 1978 et
1258 1979 1260 1986 ,

85 1999 208 2047 redundet
222 2003 312 2056 eportet
326 1999 401 2044 eratin
408 2013 417 2054 ,·
436 1991 478 2043 III.
491 1996 533 2055 48,
550 1997 612 2046 185:
629 2011 658 2044 ee
677 1997 730 2044 istie
741 1998 818 2045 enodis
831 2021 863 2030 -
876 2005 1025 2057 munus,
1040 1998 1165 2056 meuriss

87 2068 189 2130 quedem
206 2080 330 2123 nummus,
349 2064 478 2126 effloruit5
497 2060 565 2113 Lael.
578 2065 620 2124 at,
644 2065 706 2115 100:
723 2079 784 2127 quae
803 2075 881 2114 tamen
898 2065 1084 2126 (militavimus
1095 2064 1164 2127 efflo-

86 2137 208 2184 reeeiteu
226 2135 338 2192 amicitie,
356 2135 426 2182 etiam
445 2136 468 2182 ei
484 2142 511 2183 tu
528 2149 578 2182 eum
596 2135 678 2182 minus
693 2141 786 2182 enutua
802 2137 843 2182 eis.

161 2197 222 2258 ’79,1
241 2202 305 2253 32οε
327 2205 539 2265 communitionem,
556 2212 610 2250 was
627 2199 669 2250 bei
681 2200 786 2251 Aristot
801 2200 874 2251 fluet.
889 2198 932 2252 111.
950 2202 981 2253 14
998 2193 1165 2267 ὃδοποίησις

87 2269 183 2322 heiast:
205 2269 398 2333 chbuhnung.
485 2279 487 2284 ’

161 2341 274 2390 aedibsee:
295 2337 478 2402 Wohnungen3
506 2340 622 2390 vertibula
639 2347 661 2388 et
677 2342 764 2403 moen,
783 2337 835 2402 νει
855 2353 892 2390 or.
911 2340 953 2404 15,
973 2341 1019 2391 50:
1042 2342 1163 2391 Vestibula

88 2413 210 2460 nimirem
227 2411 324 2459 boneetu
342 2409 469 2470 adduw
485 2411 518 2458 aet
535 2423 630 2456 mem
648 2405 764 2471 (mator)
775 2407 853 2471 saee'et
871 2410 985 2459 tttueeeee.

160 2478 369 2540 infrequentibus:
397 2476 515 2524 schwach
533 2475 645 2538 besueht,
669 2475 729 2526 weil
746 2474 926 2527 nnbedeutend.
960 2476 1024 2526 Duas
1042 2475 1098 2526 hier
1117 2491 1164 2526 nur

89 2565 123 2598 an
141 2547 189 2596 den
209 2543 352 2608 Gegenentz
368 2544 493 2594 awischen
512 2543 706 2609 geringsriqigen
721 2544 771 2594 nnd
790 2545 959 2596 bedenteuden
977 2543 1115 2595 Procneson
1133 2561 1164 2594 zu

89 2615 188 2667 deuken
207 2612 251 2676 ist‚'
271 2613 366 2664 welche
384 2613 507 2663 letztcren
526 2613 552 2662 in
569 2615 644 2676 §321
663 2613 772 2677 gemeint
791 2613 855 2677 sind,
873 2614 956 2678 erqibt
975 2614 1030 2664 sich
1049 2628 1094 2664 uus
1109 2615 1164 2664 een

88 2682 316 2746 vorhergebendeu
342 2698 390 2744 pro
417 2686 528 2742 perteue
557 2697 648 2734 renum.
692 2681 727 2732 Es
754 2681 789 2732 ist
817 2682 871 2732 also
900 2685 1095 2749 infrequentibus
1123 2683 1164 2733 ein

88 2755 263 2820 synonymum
287 2765 336 2800 von
354 2755 442 2813 paenis
464 2751 514 2800 und
539 2749 613 2802 dasir-
629 2750 701 2800 nicht
717 2757 744 2802 s'n
760 2752 928 2816 frequentibus
947 2753 983 2812 tin
1000 2749 1086 2814 hiufig
1103 2767 1164 2803 vor-

88 2819 263 2882 komnsendcn)
285 2834 316 2868 an
341 2819 480 2870 schreiben.
516 2818 667 2871 Aristoteles
693 2821 809 2870 erwdbut
831 2819 904 2871 libet.
922 2819 965 2873 111.
988 2825 1019 2874 14
1043 2821 1107 2870 noch
1124 2820 1165 2870 dic

89 2891 148 2942 hier
165 2888 320 2939 unbeachtet
338 2888 484 2950 sublicisque
495 2889 721 2952 ‘Vernussetznnffi
745 2889 803 2940 dosa
821 2888 866 2939 der
884 2887 1044 2954 Gegenstand
1061 2889 1102 2940 ein
1119 2889 1164 2940 be-

90 2959 202 3010 kannter
216 2957 262 3007 ist:
281 2950 317 3009 du
329 2957 414 3022 δῆλον
429 2947 445 3029 ᾖ
458 2959 506 3008 καὶ
517 2955 619 3030 μικρὸν
633 2953 666 3008 τὸ
677 2958 804 3028 πρᾶγμα,
822 2954 856 3011 on'
863 2963 1002 3030 χρηστέον
1014 2963 1165 3033 προοιμίῳ.

163 3027 221 3081 321.
253 3032 294 3088 eie,
312 3030 380 3088 apud
394 3043 455 3090 quos
470 3036 561 3091 nqeue,
580 3027 629 3078 wie
646 3033 722 3076 untcn
740 3025 756 3092 ᾖ
775 3029 839 3079 ³22:
858 3029 904 3077 dea
924 3033 1022 3080 iudices.

161 3111 215 3146 reos
231 3101 289 3153 cet„
310 3094 362 3160 vgl.
380 3097 423 3158 43,
446 3097 501 3148 183.
537 3097 576 3145 An
601 3096 646 3146 der
660 3094 861 3160 Wiederlsolnng
878 3096 961 3148 dieser
977 3096 1112 3148 Definition
1131 3097 1166 3146 iet

91 3166 157 3215 nach
174 3179 202 3214 so
222 3153 332 3227 grossein
350 3163 554 3214 Zwischenrunm
574 3164 632 3216 kein
649 3163 755 3214 Austoss
773 3180 804 3214 zu
822 3165 934 3216 nehmen.

161 3235 250 3284 bonum
263 3237 350 3292 ursum,
370 3248 391 3284 s.
412 3249 433 3284 z.
452 3235 493 3295 20,
513 3236 560 3293 853
584 3237 668 3285 inum
685 3251 715 3285 ee
732 3237 794 3295 lecu,
815 3233 867 3297 vgl.
888 3237 930 3298 53,
949 3235 1014 3296 2153
1040 3236 1082 3297 43,
1104 3235 1164 3287 182:

91 3306 182 3367 Itaque
199 3305 278 3353 eedem
298 3307 401 3354 suntin
421 3304 572 3353 adeeraarioe
588 3318 618 3354 ee
634 3305 754 3354 eontrario
773 3304 926 3367 eonferenda.
961 3302 1080 3354 limselbe
1100 3301 1165 3350 wird

90 3374 133 3433 ot,
153 3372 206 3422 248
231 3369 392 3421 hinsichtlich
420 3370 465 3421 der
481 3369 648 3422 Fundstdttcn
676 3370 718 3421 iiio
736 3371 840 3436 witzige
858 3373 909 3422 und
926 3377 1010 3422 ernste
1028 3369 1164 3421 Gedankcn

88 3441 238 3505 bonaeque&

163 3510 221 3561 322.
254 3511 385 3560 immerito:
400 3508 603 3568 unverschuldct,
626 3509 689 3558 ohne
707 3507 808 3570 Senatu,
828 3509 878 3560 wie
898 3509 984 3559 inmer
998 3511 1063 3560 nulio
1081 3511 1166 3557 eneee'to

89 3577 138 3627 ruit
158 3577 239 3627 einen
257 3574 332 3628 Pron.
344 3592 410 3644 poss.
426 3577 487 3627 oder
501 3574 563 3628 Gen.
591 3575 728 3640 Ucbrigens
745 3577 781 3627 ist
797 3578 843 3628 der
856 3577 1014 3646 priidicative
1033 3573 1164 3626 Gehruuch

90 3649 138 3697 der
156 3644 328 3696 adverbiellen
346 3647 397 3696 und
414 3645 636 3712 priipoaitionellen
648 3645 816 3709 bestimmung
828 3647 938 3709 (praeter
948 3649 1090 3708 opinionem,
1111 3643 1164 3708 vgl.

92 3717 135 3777 78,
162 3715 224 3768 318:
254 3718 281 3764 in
306 3719 419 3776 dicende)
443 3713 500 3765 hier
526 3729 615 3779 wegen
641 3715 685 3765 der
708 3713 871 3779 Verbindnng
896 3715 941 3764 mit
966 3712 1164 3776 adiectiviechen

88 3781 243 3834 Pridicaten
264 3783 376 3848 wcniger
396 3781 521 3848 auiidllig‚

107 3857 261 3973 Μεὸοηέὦ,
284 3867 340 3919 eyn.
364 3851 410 3902 mit
433 3857 531 3904 restitui
550 3852 589 3901 od.
610 3854 715 3917 eoeeiqi:
743 3850 838 3902 wieder
862 3857 907 3915 gut
929 3852 1047 3914 macheu,
1074 3849 1164 3902 andeis

89 3937 106 3971 a
181 3959 189 3982 ,
259 3957 265 3972 .

163 4000 189 4041 ut
207 3992 328 4042 benevolos
345 3992 445 4054 beneque
462 3992 562 4041 etutien
582 3994 647 4040 eet:
676 4004 716 4038 um
734 3989 789 4038 eine
810 3987 1003 4039 wohlwollende
1021 3986 1166 4052 Gesinnuug
1332 3989 1335 3994 '
