2826 4520
350 334 392 385 uu
412 332 574 399 ORATORE,
592 335 635 385 al.
648 335 665 386 1.
686 352 739 402 up.
755 339 797 389 aa.
815 339 899 399 aare.
917 339 974 389 aar.
1139 333 1202 400 125

119 492 153 552 in
165 485 294 551 maxima
310 489 447 549 eontioue
465 498 583 552 tuorum
600 489 716 563 eivium,
733 509 807 569 quae
823 488 944 552 dixisti?
965 491 1113 570 Eripite
1129 510 1200 552 nos

120 595 165 647 eu
189 573 384 646 miseriiS,
412 575 555 652 eripite
576 593 620 635 ex
645 575 827 636 laueihus
850 593 998 645 eurum,
1034 594 1199 654 querum
1291 569 1299 648 J

118 659 344 722 erudelitas
374 658 450 718 nisi
481 669 616 720 nostre
647 661 838 739 sanguine
870 678 945 720 nen
974 668 1109 739 potest
1131 679 1198 720 ex-

121 745 241 824 pleri3
277 743 403 804 nolite
436 744 569 804 sinere
604 762 673 805 nee
704 745 881 830 cuiquapn
914 746 1085 822 servire,
1118 746 1198 806 nisi

120 829 237 890 vehis
259 827 476 905 universis,
499 828 923 908 quibusetpossumus
946 839 982 889 et
1003 829 1198 890 debemus.

117 915 231 977 Omitte
261 913 461 986 miserias,
496 913 527 972 in
549 914 667 991 quibua,
700 924 733 975 ut
755 915 794 974 illi
816 915 912 990 aiunt,
944 915 987 974 vir
1015 916 1100 976 fertis
1131 934 1199 976 esse

122 1019 183 1060 nen
208 1005 324 1077 potest3
352 998 456 1059 emitte
478 999 624 1072 feneis,
647 999 806 1076 exquibus
823 1007 851 1060 te
869 999 1008 1078 eripivia
1029 1018 1067 1060 ne
1089 999 1197 1060 iudicio

119 1085 225 1162 iniquo
251 1082 445 1144 exsorbeatur
467 1083 587 1162 sanguis
609 1091 694 1155 true,
730 1084 810 1162 quod
840 1085 964 1162 sapienti
991 1092 1099 1163 negant
1119 1086 1197 1145 aeui-

121 1169 191 1230 dere
225 1185 334 1246 posse:
373 1168 526 1228 servire
557 1187 626 1228 rere
656 1186 718 1228 nen
749 1168 838 1228 modo
869 1177 912 1241 te,
944 1169 995 1229 sed
1024 1169 1197 1229 universum

120 1262 269 1325 senatum,
292 1251 377 1312 euius
400 1261 464 1313 tum
486 1271 603 1314 eausam
621 1253 735 1331 agebas,
758 1272 848 1314 ausus
864 1273 895 1314 es
915 1250 1035 1314 dicere?
1060 1254 1198 1316 Potestne
1212 1262 1271 1312 226.

119 1340 224 1410 virtus,
254 1337 373 1409 Crasse,
407 1337 518 1398 servire
538 1338 601 1397 istis
625 1337 811 1411 auctoribus,
839 1357 968 1416 querum
991 1347 1023 1398 tu
1044 1349 1198 1418 praerepta

118 1423 250 1485 oratoris
270 1422 406 1482 facultate
435 1419 662 1500 complecteris?
693 1440 767 1500 quae
789 1430 818 1483 et
837 1442 955 1502 semper
977 1431 1006 1483 et
1026 1425 1086 1484 sula
1108 1425 1198 1484 libera

120 1517 166 1569 est
187 1524 342 1586 quaeque,
372 1507 485 1568 etiarnsi
512 1525 637 1586 eerpura
666 1515 747 1586 capta
775 1508 833 1569 sint
859 1509 948 1568 armis
971 1517 1021 1570 aut
1042 1511 1198 1569 constricta

119 1593 270 1664 daridis,
308 1598 406 1650 tamen
430 1610 519 1651 suurn
544 1591 592 1652 ius
613 1600 700 1670 atque
730 1593 865 1654 omniunt
894 1611 995 1652 reruni
1023 1594 1199 1672 impunitam

118 1677 285 1738 libertatem
306 1683 406 1736 tenere
427 1676 521 1736 debet.
565 1678 647 1749 Quae
669 1696 739 1736 vere
755 1677 900 1750 addidisti,
923 1696 984 1737 non
1004 1678 1093 1737 mode
1111 1698 1198 1739 sena-

121 1774 186 1824 tum
204 1761 318 1823 servire
332 1779 449 1838 posse
473 1761 595 1839 pupule,
618 1761 668 1822 sed
686 1763 771 1822 etiarn
788 1762 946 1837 debere,
971 1762 1037 1840 quis
1053 1763 1110 1821 hee
1129 1764 1198 1841 phi·

117 1847 268 1926 lesuphue
291 1853 351 1904 tarn
366 1845 472 1918 mollia,
493 1852 553 1906 tam
568 1846 733 1926 languidus,
756 1856 816 1907 tam
836 1854 1002 1918 enervatus,
1024 1854 1083 1906 tam
1100 1849 1198 1908 omnia

192 2016 291 2076 Enpite
308 2019 357 2062 eet.
390 2012 465 2063 Diese
479 2012 559 2064 Stella
578 2014 612 2063 iat
630 2029 673 2064 aus
687 2011 799 2064 Crassus'
813 2013 880 2064 llede
901 2030 945 2079 pre
964 2013 1014 2077 leg.
1027 2014 1121 2065 Servii.
1141 2022 1199 2065 eut-

122 2084 203 2145 lerant,
224 2081 304 2131 durch
317 2081 414 2130 welche
431 2080 465 2130 im
481 2080 503 2132 J.
521 2084 569 2134 106
582 2082 622 2132 die
637 2081 945 2146 Gesehwarnengeriehte‚
966 2083 1062 2132 welche
1080 2083 1129 2133 seit
1151 2087 1197 2135 122

121 2167 174 2202 ven
194 2151 243 2200 den
262 2147 362 2198 liitteru
386 2149 523 2200 verwaltet
544 2151 648 2200 werden
674 2166 772 2214 waren,
801 2165 888 2215 wesen
915 2151 959 2200 der
982 2149 1124 2201 viellaehen
1149 2167 1198 2201 von

121 2220 209 2270 diesen
247 2217 369 2268 veriihten
399 2216 651 2282 Ungereehtigkeiten
677 2219 772 2269 wieder
806 2221 854 2270 den
880 2218 1020 2269 Senatoren
1046 2219 1197 2284 iihertrageu

122 2289 235 2337 werden.
272 2285 343 2334 Deeh
366 2286 453 2336 warde
471 2285 540 2336 dieee
557 2291 595 2338 lea
611 2289 688 2338 sehon
706 2289 770 2337 nnnh
784 2287 899 2352 wenipen
916 2287 1010 2338 Jahren
1028 2289 1108 2338 durch
1124 2288 1196 2338 einen

118 2355 339 2418 Geretzesantrag
361 2355 404 2404 dee
426 2353 552 2405 Tribunen
570 2355 597 2405 C.
617 2355 742 2406 Servilius
761 2355 882 2419 Glaucia,
910 2357 953 2406 des
971 2355 1076 2406 Priiture
1101 2372 1157 2405 vem
1176 2357 1197 2405 J.

123 2430 181 2487 100,
200 2423 297 2474 wieder
313 2419 477 2486 ausgehehen.

194 2496 248 2542 niet
269 2501 351 2542 noatro
374 2495 490 2556 sanquine
512 2498 570 2552 eet,
595 2492 639 2542 das
658 2493 825 2556 haumarum,
856 2507 909 2542 wan
933 2492 1007 2542 ihren
1029 2492 1198 2543 wideriahrea

125 2563 193 2611 kann
219 2559 270 2609 und
296 2575 336 2609 um
362 2560 448 2610 dassen
467 2559 631 2624 Ahwendung
656 2576 684 2610 er
706 2559 743 2610 sie
767 2560 849 2611 hittet.
894 2560 958 2610 Iluss
981 2559 1105 2611 Antonius
1129 2561 1197 2611 diese

121 2629 205 2680 Stella
223 2643 252 2678 so
274 2628 403 2691 verstand,
428 2629 488 2692 geht
507 2644 552 2678 ana
571 2629 618 2678 den
642 2627 774 2692 folgenden
793 2629 904 2680 Warten
927 2631 1033 2679 hervnr:
1061 2646 1092 2680 ne
1108 2635 1198 2682 iudicio

122 2702 164 2750 σι’
197 2702 277 2747 acet.
790 2703 792 2706 '

153 2715 235 2816 milli
258 2769 336 2828 aiunt,
360 2765 432 2816 nennl.
451 2757 622 2826 diastolen,
641 2765 705 2813 nauh
724 2765 800 2816 deren
820 2764 903 2816 Lehre
920 2766 965 2815 der
982 2765 1069 2816 Weise
1090 2767 1130 2816 nie
1152 2784 1200 2816 un·

123 2834 257 2899 ¹gliielrlich
272 2833 325 2882 sein
345 2831 451 2898 kunnt03
481 2832 529 2896 vgl.
547 2849 570 2898 p.
590 2831 653 2882 Mur.
676 2834 718 2895 29,
738 2835 783 2886 61:
819 2835 902 2884 Huius
923 2831 1047 2898 (monia)
1072 2841 1201 2886 sententiae

125 2912 184 2956 ame
201 2929 236 2938 -
256 2905 320 2952 aeloa
338 2906 451 2962 sapientie
468 2919 524 2964 erae,
543 2904 566 2951 ei
581 2903 745 2952 da'aterte'aaa'mi
763 2905 821 2965 aim,
832 2903 962 2966 formarer,
981 2907 1005 2952 at
1021 2905 1198 2966 mndiaahea'mi,

125 2977 221 3036 dieder,
237 2974 263 3020 ei
279 2973 414 3020 anatlutem
431 2973 545 3032 serviant,
562 2986 641 3035 repar:
671 2987 716 3020 nne
733 2980 825 3033 autern,
846 2975 891 3034 qui
906 2975 1024 3033 sapienter
1040 2988 1090 3022 non
1108 2989 1199 3033 eumue,

120 3043 253 3106 sepeliere,
272 3042 371 3104 areles,
389 3041 472 3100 death,
497 3043 599 3088 {manoe
615 3042 717 3102 dma'que
733 3057 782 3090 reae
799 3043 897 3099 dicun&
929 3038 1019 3088 Parad.
1039 3038 1069 3089 ll.
1091 3043 1137 3093 19:
1174 3051 1201 3091 ut

127 3111 234 3171 improbo
251 3116 274 3157 ct
287 3111 359 3158 aratro
377 3117 399 3158 et
415 3111 491 3158 inerti
508 3110 601 3158 nearchi
616 3109 672 3157 dene
689 3101 738 3158 'reae
750 3117 841 3171 petest,
867 3111 901 3157 aie
919 3110 994 3158 ὂσπσσ
1010 3112 1050 3159 vir
1066 3119 1088 3160 et
1105 3114 1199 3172 raptem

122 3187 146 3228 et
157 3179 240 3241 fortia
259 3178 333 3226 mirer
351 3193 400 3226 eree
412 3192 480 3226 neruo
491 3183 577 3236 porcat.

194 3247 255 3298 226.
291 3247 407 3309 Potestne,
428 3243 483 3293 hier
502 3265 536 3284 ==
554 3245 622 3294 Num
634 3253 719 3306 puteat,
737 3242 787 3294 wie
804 3243 877 3294 Tusa.
896 3243 957 3310 disp.
975 3244 995 3295 I.
1013 3246 1054 3306 27,
1074 3249 1121 3298 67:
1157 3248 1203 3294 [1ὸί

125 3318 204 3380 iqitur
220 3321 265 3365 aut
285 3316 366 3376 qualia
383 3322 418 3363 eat
435 3316 482 3364 iata
499 3315 583 3362 mene?
610 3315 653 3362 ubi
672 3322 715 3363 tua
732 3322 774 3364 aut
793 3315 890 3376 qualia?
912 3323 1010 3375 peteme
1032 3317 1115 3364 deme.
1161 3314 1200 3361 An

122 3383 237 3433 anderen
258 3379 355 3431 Stellen
373 3379 408 3430 iet
429 3381 469 3430 die
490 3377 684 3446 Fragepartikel
701 3397 731 3431 na
748 3381 812 3430 auch
830 3404 863 3423 ε
880 3398 966 3433 neena.

195 3453 250 3500 latia
275 3452 424 3500 ruderibus:
458 3449 523 3498 nach
540 3447 585 3498 der
601 3448 708 3498 Ansieht
723 3448 797 3513 jener
815 3448 934 3512 Miiuner3
963 3459 1102 3512 praecepta,
1132 3448 1156 3496 d.
1177 3448 1200 3497 h.

126 3519 182 3569 ihre
200 3516 352 3579 lienntnias3
371 3534 402 3568 zu
412 3519 534 3581 fundate
547 3517 599 3581 vgl.
619 3519 662 3580 49,
681 3519 739 3570 214.

196 3602 267 3652 quae,
287 3585 359 3636 neml.
378 3590 463 3637 virtue.

195 3657 353 3718 impanatum:
372 3654 583 3718 nngeachmlilert‚
601 3653 794 3704 unhesehrhnkt

195 3740 245 3773 nen
266 3727 467 3774 modernatum.
508 3720 589 3774 Uehar
613 3722 653 3772 die
672 3721 860 3786 Wartetellung
878 3737 898 3772 σ.
915 3737 939 3773 z.
959 3723 998 3786 10,
1017 3721 1062 3770 39:
1093 3723 1123 3770 ab
1142 3737 1199 3770 oru-

125 3803 205 3844 terum
220 3808 314 3856 ponere.

102 3919 105 3926 ,
196 3865 255 3925 quie
272 3863 316 3912 hee
329 3861 486 3921 philosophae
503 3869 552 3910 tarn
569 3863 647 3912 mallia
665 3885 698 3894 ·-
712 3857 802 3922 peraet'
818 3859 880 3908 hura
898 3856 955 3907 fur:
974 3859 1028 3920 quia
1041 3858 1199 3919 philosopher

127 3940 178 3980 tane
195 3931 274 3980 mollia
292 3955 326 3966 —-
334 3929 399 3991 suit,
416 3937 443 3978 ut
459 3930 503 3978 Ιισσ
516 3930 620 3989 probare
634 3938 719 3990 poaaet.
764 3925 797 3976 Se
816 3924 895 3976 lifters
916 3925 940 3975 in
961 3923 1059 3988 Fragen
1082 3925 1132 3975 und
1150 3925 1202 3977 Νσ-

129 3997 305 4062 getivsiitzen3
326 3995 377 4059 vgl.
392 3995 417 4044 in
431 3993 481 4048 Pis.
500 4000 524 4058 5,
546 3999 589 4048 10:
603 4006 741 4060 potetatem
760 3993 911 4062 (carreriam)
930 3997 1038 4045 minuere
1054 4011 1102 4060 quo
1120 4000 1203 4046 minue
