2756 4520
216 349 255 415 78
380 350 423 402 DE
444 347 608 412 cantone,
624 348 668 402 lib.
687 347 731 400 Ill.
747 363 800 416 cap.
819 349 860 402 30.
881 346 1027 418 31.§121.
1047 353 1104 404 122.

213 507 250 568 tis
267 507 455 585 angustisque
471 503 736 566 concertationibus
751 504 786 565 ad
803 506 1291 586 omnemvimrarietatemquevcs

214 591 377 652 disserendi
394 591 592 652 traducendos
606 591 726 669 putavit.
756 591 819 664 Qua
834 610 867 651 rc
882 609 945 652 non
960 599 1003 652 est
1018 610 1187 670 paucorum
1202 591 1288 653 libel-

212 677 309 738 lorum
325 676 383 736 hoc
397 693 517 750 munus,
531 685 564 736 ut
578 676 608 750 ii,
624 676 675 753 qui
690 675 874 754 scripserunt
888 677 925 736 de
941 676 1057 738 dicendi
1072 677 1195 749 ratione,
1209 678 1290 738 arhi-
1349 681 1351 686 '

211 772 336 838 trantur,
352 779 450 839 neque
465 761 624 822 Tusculani
652 771 739 840 atque
755 761 843 822 huius
858 760 1063 822 ambulationis
1078 763 1288 824 antemeridia-

212 866 268 908 nae
284 855 333 909 aut
346 855 465 908 nostrae
480 846 712 926 posmeridianae
726 846 882 921 sessionis3
906 864 969 907 non
992 849 1071 908 enim
1094 848 1194 908 solum
1212 867 1287 909 acu-

213 933 288 994 enda
305 932 392 993 nobis
406 949 503 1009 neque
518 931 709 1010 procudenda
729 931 829 1011 lingua
851 940 908 1012 est,
931 931 982 993 sed
998 933 1185 994 onerandum
1203 951 1288 994 corn-

212 1017 414 1098 plendumque
437 1025 540 1096 pectus
556 1016 750 1078 maximarum
765 1035 866 1078 rerum
882 1025 911 1078 et
924 1017 1118 1096 plurimarum
1135 1020 1291 1094 suavitate,

81 1108 200 1172 31.122.
213 1103 306 1182 copia,
321 1103 465 1164 varietate.
509 1103 615 1164 Nostra
629 1113 673 1164 est
687 1103 766 1162 enim
781 1137 823 1146 —
839 1103 864 1163 si
880 1102 967 1163 modo
983 1120 1040 1164 nos
1056 1111 1198 1176 oratores,
1214 1105 1286 1165 siin

212 1189 322 1250 civium
337 1187 605 1266 disceptationibus,
616 1188 641 1248 si
655 1188 686 1248 in
701 1187 848 1268 periculis,
865 1188 934 1249 siin
950 1187 1210 1250 deliberationibus
1224 1208 1287 1268 pu-

210 1274 293 1336 blicis
310 1271 467 1335 adhibendi
486 1280 620 1334 auctores
641 1280 669 1334 et
683 1272 831 1352 principes
849 1291 953 1334 sumus
968 1309 1018 1347 —,
1040 1283 1143 1336 nostra
1159 1284 1212 1348 est,
1235 1275 1286 1335 in—

213 1378 319 1438 quam,
347 1357 443 1419 omnis
466 1357 520 1418 ista
543 1357 715 1436 prudentiae
731 1357 938 1439 doctrinaeque
953 1360 1118 1438 possessio,
1145 1359 1287 1438 inquam

211 1444 347 1504 homines
370 1442 453 1522 quasi
473 1443 613 1503 caducam
635 1451 722 1523 atque
744 1461 867 1504 vacuam
889 1443 1071 1506 abundantes
1094 1445 1170 1518 otio,
1196 1445 1290 1506 nobis

213 1529 378 1608 occupatis,
395 1527 600 1589 involaverunt
614 1536 701 1608 atque
720 1529 872 1607 etiamaut
884 1528 1045 1591 inridentes
1061 1538 1227 1604 oratorem,
1255 1540 1294 1592 ut

211 1615 258 1675 ille
279 1614 311 1674 in
333 1614 440 1692 Gorgia
461 1614 611 1687 Socrates,
633 1613 802 1675 cavillantur
826 1623 876 1676 aut
898 1615 1006 1692 aliquid
1021 1615 1058 1675 de
1080 1617 1206 1676 oratoris
1222 1625 1289 1677 arte

211 1701 313 1779 paucis
329 1699 511 1780 praecipiunt
524 1698 626 1760 libellis
643 1699 924 1777 eosquerhetoricos
932 1699 1106 1775 inscribunt,
1124 1701 1209 1780 quasi
1219 1719 1286 1761 non

212 1882 228 1950 ξ
249 1887 310 1938 135:
337 1887 417 1936 omnia
435 1887 565 1937 neussarto
582 1902 598 1934 o
615 1893 717 1950 tempore
735 1897 805 1951 aune
829 1889 924 1938 bosniae
946 1890 980 1938 od
1001 1889 1133 1938 nmmunie
1154 1903 1239 1938 reum
1263 1897 1288 1937 et

210 1969 324 2020 umerum
340 1970 445 2004 summos
461 1955 619 2004 renouentur.

279 2039 370 2074 omnem
386 2025 434 2074 eim
451 2026 645 2086 coartatamque:
672 2023 716 2073 das
733 2037 811 2087 ganzo
829 2023 1076 2088 verschiedeonrtigo
1097 2019 1201 2087 Gobiet3
1227 2023 1282 2086 vgl.

210 2089 229 2143 1.
248 2093 271 2155 3,
290 2094 335 2145 to:
361 2094 461 2143 itteram
478 2094 569 2142 artium
581 2107 659 2153 paene
673 2095 796 2156 infinitam
812 2094 861 2143 aim
878 2102 900 2144 et
917 2096 1053 2152 mutarim
1074 2090 1118 2143 tlt.
1142 2093 1190 2156 32,
1216 2093 1284 2146 131:

211 2170 302 2212 tautam
319 2163 367 2211 actu
383 2177 464 2212 rerum
481 2163 683 2225 munitionemque
699 2163 910 2222 comprehenderis.

279 2231 398 2292 euanuit,
416 2246 436 2280 s.
458 2232 482 2290 5,
503 2230 542 2280 18.

280 2301 402 2361 unedo,
426 2299 450 2349 d.
469 2297 484 2347 i.
502 2297 621 2360 gewsndt
637 2299 753 2362 machon,
779 2313 832 2348 was
850 2298 915 2348 auch
934 2297 961 2346 in
973 2301 1108 2360 procudere
1126 2299 1186 2363 (vgl.
1205 2297 1278 2352 Pind.

212 2366 288 2433 Pyth.
312 2369 339 2430 1,
362 2369 424 2419 166:
451 2361 574 2431 ἀψευδεῖ
597 2364 669 2438 πρὸς
694 2361 797 2438 ἄκμονι
823 2361 944 2434 χάλκευε
970 2367 1108 2436 γλῶσσαν)
1134 2367 1206 2432 liegt.
1242 2368 1279 2417 Zs

212 2439 318 2486 acum
336 2435 387 2498 vgl.
397 2435 465 2485 Brut.
483 2437 524 2500 tt,
534 2435 598 2488 33l:
616 2445 684 2486 tuum
703 2439 766 2487 enain
779 2437 874 2502 sorum,
893 2445 961 2487 tuutn
977 2445 1030 2487 erat
1044 2439 1109 2487 tuae
1124 2439 1278 2498 menendum,

203 2514 230 2556 tu
245 2507 302 2554 ittuc
321 2520 419 2554 oenum
436 2520 509 2566 unns,
528 2508 572 2568 qui
590 2521 640 2554 non
657 2507 764 2570 tinorum
783 2509 851 2557 ruodo
873 2509 975 2556 acuisses
992 2508 1159 2557 exercebatione
1176 2509 1276 2562 diceeffl,

203 2576 245 2624 sed
270 2582 291 2623 et
314 2575 392 2634 apsens
413 2575 569 2637 abquentiem
589 2577 775 2635 toeutuoouses
797 2577 938 2638 prasiorum
960 2577 1050 2624 artium
1073 2577 1232 2626 instrumento
1256 2583 1279 2624 et

204 2645 289 2692 motem
307 2643 402 2693 artibus
419 2645 489 2693 mous
506 2657 574 2692 omne
592 2645 690 2694 uirtutes
707 2660 761 2693 ouon
777 2659 870 2693 wesema
886 2647 1033 2707 eloquentiae
1057 2645 1127 2694 nude
1149 2646 1271 2695 tomam.

204 2711 256 2760 Das
280 2709 429 2774 Gcgentheil
447 2709 482 2760 ist
500 2713 636 2775 obtundere,
654 2726 675 2761 s.
697 2710 760 2760 oben
777 2711 818 2774 24,
837 2713 879 2763 93.

273 2783 434 2831 macinarum
457 2795 540 2830 rerum
564 2775 744 2845 (chntnisse).
778 2778 847 2829 Dszu
871 2780 976 2844 gebim,
999 2777 1048 2828 wic
1073 2792 1118 2829 aus
1143 2781 1193 2841 31,
1214 2779 1278 2830 122:

205 2852 282 2899 amuis
299 2851 345 2898 ista
358 2850 529 2916 emancari
533 2851 617 2897 ootre'
620 2864 743 2912 noeque
754 2850 872 2910 possesio
881 2847 1044 2912 horrorgeht,
1057 2848 1122 2898 auch
1133 2844 1273 2898 dicliennt·

210 2916 261 2966 niss
280 2917 324 2966 der
341 2915 515 2982 Philosophia,
535 2915 587 2979 vgl.
610 2917 651 2981 34,
670 2918 728 2969 138.

278 2980 331 3040 ill·
355 2987 412 3037 122.
430 2991 453 3036 et
468 2989 545 3050 modo,
566 2983 665 3035 wiell.
687 2988 728 3050 38,
747 2986 810 3048 157;
827 2985 870 3048 43,
892 2984 939 3038 182
958 3001 983 3034 n.
1002 2986 1024 3034 o.

275 3056 481 3113 dieuptan'ouitus
499 3081 533 3090 -
544 3057 663 3116 pennus
679 3076 714 3096 =
730 3056 758 3104 in
777 3056 855 3104 mmet
868 3057 973 3114 unionis
993 3063 1015 3104 et
1028 3055 1141 3116 miscio

274 3130 382 3171 auctores
400 3131 421 3172 et
434 3125 567 3184 ancupes,
586 3121 638 3187 vgl.
659 3125 698 3186 tt,
720 3124 770 3175 63:
791 3127 858 3172 orsto
876 3122 1012 3174 Votontea.

273 3192 400 3242 Meam:
419 3189 586 3255 verschmttht,
604 3206 654 3240 von
664 3191 787 3243 deruicht
796 3187 1118 3254 sngctrotenenllrbschalt
1129 3187 1270 3254 gebmncht.

205 3258 262 3323 Vgl.
283 3256 381 3324 Ulpian.
399 3257 481 3312 XVll.
503 3262 528 3312 1:
546 3262 611 3323 quod
626 3255 745 3325 quie'sibc'
759 3269 893 3311 testamento
905 3263 1014 3311 reanum
1031 3263 1074 3322 ita,
1093 3269 1121 3310 ut
1140 3264 1193 3310 iure
1208 3260 1270 3310 eioib

204 3345 285 3390 caune
301 3331 387 3391 possit,
405 3331 489 3392 otique
508 3345 537 3378 ea
553 3344 626 3379 cause
642 3345 692 3380 non
708 3333 808 3392 copon,
830 3332 943 3380 cadmum
960 3333 1106 3394 oppetatur,
1130 3331 1193 3380 uelut
1210 3329 1264 3379 ceei-

203 3400 265 3448 derit
281 3399 311 3448 ab
328 3414 370 3457 eo;
389 3395 441 3448 Cic.
461 3395 526 3447 Phil.
544 3394 579 3446 X.
598 3399 622 3460 5,
642 3399 688 3451 11:
705 3402 750 3450 etsi
767 3414 798 3448 ne
818 3401 841 3448 0.
858 3401 953 3462 quidem
972 3400 1079 3448 Antonii
1094 3400 1199 3449 ceterum
1215 3411 1267 3446 eon-

201 3471 325 3518 temneuda
339 3476 388 3526 eet;
408 3483 477 3531 quesn
493 3469 545 3520 nisi
560 3467 588 3516 in
605 3469 646 3518 oea
658 3471 758 3520 neuras
768 3467 907 3519 ineditates
915 3470 1084 3531 retardassent,
1103 3471 1191 3519 uotam
1205 3480 1258 3523 eun,

201 3551 249 3587 non
269 3539 314 3587 iter
327 3537 419 3600 secisse
436 3539 531 3589 diceres

268 3621 380 3656 commu:
397 3605 541 3669 horreolos3
567 3605 619 3669 vgl.
637 3621 661 3671 p.
679 3603 737 3656 Sex.
756 3602 828 3658 Rosc.
847 3604 879 3670 9,
897 3604 944 3656 26:
966 3620 1008 3655 see
1026 3630 1059 3641 -
1074 3607 1176 3666 praue
1191 3615 1257 3653 aaut

193 3675 249 3736 fitia
268 3677 422 3726 trutinarum.

269 3751 339 3805 atque
357 3742 511 3794 etum:ur1d
529 3741 601 3793 dobci
621 3741 694 3792 noch.

269 3812 310 3861 tue
329 3813 356 3861 in
374 3813 465 3876 Gorpe'o
480 3813 596 3873 Socrates,
616 3810 667 3874 vgl.
685 3808 703 3860 Ι.
723 3811 763 3874 11,
785 3811 833 3862 tt:
854 3805 997 3875 'ditiuenteus
1016 3811 1062 3873 lapi
1079 3810 1205 3874 (inuiam
1219 3814 1264 3866 tw

201 3879 228 3927 in
244 3880 305 3928 turc
322 3880 365 3930 boo
381 3883 482 3931 moninus
495 3883 638 3948 admirabar
653 3881 784 3944 Platonem,
811 3880 876 3941 quod
891 3880 954 3928 mitt
967 3881 994 3927 c'n
1011 3879 1144 3928 oratoribus
1162 3875 1254 3926 teuen-

154 4005 157 4014 γ
201 3949 239 3998 dis
258 3950 308 4008 epse
325 3964 374 3998 esse
392 3959 473 3999 orator
491 3966 597 4001 summus
613 3949 747 3998 euenor.

266 4017 574 4080 γαμῶ-11111111
596 4017 637 4079 ³0,
658 4015 720 4067 121:
739 4029 787 4064 non
806 4023 840 4064 est
855 4028 990 4075 paucorum
1006 4015 1137 4065 tideliorsun
1159 4015 1199 4064 doe
1212 4023 1259 4058 utu·
