2826 4520
344 325 387 375 on
406 325 662 390 ommentans
683 345 734 394 inp.
750 332 789 382 24.
808 327 895 394 sut.
919 334 965 383 us
1148 335 1191 400 69

115 481 191 559 ipse,
223 498 261 539 ne
283 487 317 540 ut
339 480 456 556 quidam
481 481 618 560 magister
638 494 724 560 atque
747 483 865 555 artilex,
895 485 944 544 sed
968 488 1050 563 qussi
1073 507 1151 549 aruris
1174 510 1190 548 0

117 572 287 643 togatorum
311 583 437 624 numero
460 574 547 642 atque
571 585 605 625 ex
629 568 741 628 forensi
764 589 819 628 usu
844 569 934 628 homo
957 572 1114 632 mediocris
1136 593 1190 636 ne·

116 668 176 726 que
207 648 330 709 omnino
362 649 444 708 rudis
474 651 573 709 videar
595 669 655 710 non
678 652 741 729 ipse
764 673 780 712 a
803 672 850 712 me
872 653 978 732 aliquid
1008 659 1190 734 promisisse,
1214 663 1217 668 “

115 734 167 793 sed
198 735 321 794 fortuito
344 734 375 793 in
399 752 568 794 sermonem
598 744 730 796 vestrum
759 738 905 797 incidisse.
953 741 1097 818 Equidem
1121 763 1189 804 oum
1205 753 1261 802 112.

115 827 249 896 peterem
273 819 492 897 magistratum,
529 819 659 880 solebam
688 822 718 882 in
738 824 907 900 prensando
937 825 1119 887 dimitteres
1143 849 1190 890 me

114 903 299 976 Scaevolam,
333 921 401 963 oum
424 903 462 964 its
485 905 511 964 ei
536 904 678 978 dicerem,
715 926 763 966 me
785 908 858 966 velle
888 927 951 968 esse
981 910 1114 989 ineptum
1148 915 1188 988 (id

113 998 185 1060 erat,
207 997 307 1065 petere
328 987 473 1064 blandius,
497 988 586 1067 quod,
611 991 667 1049 nisi
688 992 787 1069 inepte
808 991 898 1063 lieret,
920 993 996 1054 bene
1012 1014 1071 1055 non
1089 1009 1191 1074 posset

112 1073 198 1147 fieri),
221 1072 302 1131 huno
325 1081 422 1132 autem
444 1092 508 1132 esse
525 1092 619 1133 unum
635 1075 838 1137 hominemex
854 1078 1003 1152 omnibus,
1026 1099 1085 1158 quo
1102 1101 1189 1160 lirae-

114 1165 199 1217 sente
229 1175 285 1235 ego
314 1157 447 1234 ineptum
476 1177 541 1218 esse
572 1177 619 1218 rne
648 1161 769 1220 minime
793 1162 912 1230 vellem;
946 1181 1034 1241 quem
1069 1167 1188 1242 quidem

113 1259 198 1301 nnnc
220 1260 354 1301 mearum
376 1242 555 1320 ineptiarum
577 1251 682 1305 testem
705 1254 733 1304 et
756 1254 950 1324 spectatorem
973 1251 1092 1310 fortuna
1115 1271 1189 1312 oon-

114 1326 217 1386 stituit.
262 1327 335 1386 Nam
360 1327 430 1404 quid
453 1336 497 1387 est
518 1328 646 1406 ineptius
670 1348 758 1407 qnam
782 1330 817 1391 de
839 1331 962 1392 dicendo
987 1333 1098 1408 dicere,
1121 1356 1190 1397 oum

113 1411 215 1489 ipsum
255 1411 387 1471 dicere
417 1429 582 1488 numquam
618 1415 655 1474 sit
683 1433 744 1474 non
774 1416 923 1493 ineptum,
965 1419 1021 1479 nisi
1050 1439 1119 1480 cum
1147 1433 1190 1482 est

116 1667 241 1716 bednnert
258 1665 322 1714 dszu
339 1663 470 1728 genithigt
490 1664 592 1714 worden
609 1681 640 1713 zu
658 1665 725 1714 sein:
754 1670 807 1718 Hae
824 1685 868 1718 nos
887 1672 916 1718 ab
932 1671 986 1721 'sitis
1003 1675 1190 1724 adulescentibus

107 1737 197 1800 faeere
214 1737 290 1783 insiti
305 1743 328 1783 et
344 1742 478 1783 resonantes
494 1736 550 1783 heri
566 1737 640 1784 suani
658 1751 748 1784 sumus.

158 1818 290 1900 Ι001οΥ000,
316 1833 336 1867 s.
357 1833 379 1870 z.
401 1819 424 1877 6,
444 1818 484 1868 23.
527 1817 579 1867 dus
601 1835 631 1868 ne
648 1818 683 1868 ist
701 1835 732 1868 zn
759 1820 813 1869 dem
833 1817 963 1884 folgenden
987 1827 1029 1873 seel
1053 1809 1091 1874 ein
1113 1838 1139 1876 at
1158 1843 1187 1876 zu

109 1901 247 1951 ergonzen.

183 1987 248 2020 unas
267 1987 280 2020 e
296 1980 430 2034 topatarum
451 1987 565 2020 numera:
594 1971 634 2022 oin
658 1972 794 2022 schlichten
811 1971 918 2037 ll‘dmer,
946 1973 979 2023 im
996 1973 1138 2038 Gegensatz
1157 1995 1187 2027 zu

113 2044 225 2091 Graecus
242 2040 310 2088 harno
330 2043 411 2088 doetus
430 2041 470 2101 22,
491 2041 553 2101 102;
574 2039 676 2089 iihnlioh
696 2041 760 2090 wird
781 2042 822 2105 29,
844 2044 892 2093 132
913 2059 977 2094 unus
989 2046 1187 2108 paterfamilias

111 2111 168 2159 dem
194 2106 299 2162 Roscius
324 2113 552 2170 entgegengesetzt.
593 2109 650 2171 Vgl.
674 2109 704 2158 do
726 2125 776 2174 rep.
797 2109 814 2160 l.
834 2113 876 2172 22,
896 2113 942 2163 36;
970 2122 1026 2173 peto
1045 2131 1060 2162 a
1079 2117 1143 2164 eolis
1160 2125 1188 2164 at

110 2195 149 2228 me
166 2180 202 2226 sis
223 2178 330 2226 audiatis
352 2201 380 2210 —
401 2185 429 2226 at
445 2192 522 2226 unum
539 2193 551 2226 e
571 2182 657 2241 tapetis
668 2181 750 2238 patris
767 2182 891 2244 diiipentia
907 2197 955 2230 non
974 2184 1132 2232 inliberaliter
1148 2187 1186 2233 in-

109 2251 222 2296 stitutum
246 2246 373 2307 studioque
396 2247 504 2295 deseendi
521 2261 536 2293 a
556 2249 665 2307 puertia
689 2250 827 2310 insensum,
856 2265 903 2298 nsu
921 2259 1000 2299 tamen
1018 2259 1040 2300 et
1057 2254 1187 2301 donaestieis

106 2317 243 2376 praeseptis
259 2316 333 2362 maiia
350 2316 426 2377 mapis
444 2316 565 2374 eruditum
582 2330 654 2379 quam
672 2317 766 2365 litteris.

182 2415 211 2448 ea
222 2399 326 2461 sorensi
344 2415 397 2458 sau,
416 2413 435 2446 s.
453 2412 474 2448 z.
495 2399 537 2461 23,
557 2401 619 2452 105:
637 2417 666 2450 ear
682 2402 768 2450 sedales
788 2402 938 2450 cantilenam.

181 2501 231 2532 nan
249 2486 299 2544 epse
316 2507 346 2516 -
363 2484 513 2543 promisisse.
557 2483 654 2533 Dareus
674 2483 709 2534 ist
725 2499 756 2534 au
776 2484 829 2534 dem
850 2485 1071 2549 vorhergehenden
1090 2497 1118 2538 ut
1132 2493 1187 2551 qai-

111 2558 168 2604 dam
187 2577 221 2590 ·-
239 2549 394 2615 eripiemols
415 2547 534 2600 Priidicat
552 2568 583 2602 zu
605 2553 728 2615 orgfinzen
755 2557 838 2603 videar
861 2557 911 2614 ipse
929 2571 945 2602 a
962 2571 999 2604 me
1018 2558 1187 2618 0110010000-

107 2624 204 2671 miss'ese
222 2619 283 2668 oder
303 2619 393 2668 kiirzer
404 2619 500 2681 fecisse

181 2706 239 2756 112.
264 2707 436 2768 mapiaratsna.
468 2704 525 2768 Vgl.
542 2705 626 2755 Vsler.
645 2705 712 2755 Max.
732 2705 774 2757 lv.
793 2709 817 2767 5,
838 2709 867 2758 4:
887 2711 1040 2758 Consulatum
1054 2718 1138 2769 aetem
1154 2715 1186 2764 L.

109 2778 222 2835 crassen,
251 2789 304 2822 nam
329 2777 435 2822 omnium
460 2777 642 2824 eandidatorum
672 2791 737 2824 mere
761 2778 850 2824 ursum
869 2776 957 2837 sarum
980 2781 1080 2838 nneplea
1097 2783 1187 2840 popolo

109 2847 304 2906 incesseretur,
333 2857 466 2904 nunqnam
489 2845 579 2892 adduci
595 2847 675 2904 potnit
698 2851 725 2892 ut
750 2846 778 2892 id
794 2854 921 2906 praesente
938 2845 964 2902 Q.
986 2845 1102 2908 Seserem,
1129 2865 1186 2911 pra-

109 2915 209 2962 vissima
226 2919 249 2959 st
267 2913 442 2969 sapientissimo
460 2912 521 2970 viro,
547 2927 626 2961 saeero
644 2929 694 2973 sno,
716 2913 819 2976 faceret.
854 2914 940 2975 Itaque
956 2915 1054 2976 ropabat
1070 2930 1137 2974 enm,
1159 2927 1186 2965 ui

110 2999 126 3030 a
146 2997 178 3041 se,
198 2982 256 3028 dum
275 2982 368 3039 ineptas
384 2981 422 3028 rei
434 2981 569 3043 deserviret,
589 2983 729 3031 diseederet:
747 2985 861 3030 naaiarem
878 2984 1043 3030 aereasmdiam
1060 2985 1186 3045 dipnitaiis

109 3051 161 3098 miss
184 3063 258 3110 quam
283 3049 399 3096 mndtllse
422 3056 489 3111 topae
514 3064 569 3096 sesae
588 3059 717 3110 respennm
741 3065 821 3112 opens.
867 3047 931 3097 Dsss
955 3048 1016 3098 sbor
1035 3049 1087 3099 Cis.
1107 3052 1186 3102 selbst

110 3131 159 3164 nur
179 3115 224 3164 dns
240 3114 361 3164 Consulit
379 3115 422 3164 des
434 3113 539 3164 Crassus
552 3117 662 3179 gemeint
679 3116 752 3178 habe,
771 3116 834 3181 liegt
846 3116 917 3165 nieht
929 3115 955 3166 in
967 3117 1052 3168 seinen
1068 3118 1184 3182 Worten,

110 3184 219 3234 sondern
250 3198 277 3232 ss
301 3183 336 3234 ist
357 3183 479 3232 violmelir
505 3200 559 3236 eum
585 3184 611 3234 in
638 3186 682 3234 der
705 3185 849 3250 Bedsutnng
873 3199 923 3236 von
946 3190 1134 3251 quotiescumque
1155 3203 1186 3236 zu

111 3253 225 3314 nehmen,
245 3250 271 3300 in
289 3251 401 3302 welcher
418 3266 446 3302 es
467 3253 531 3302 suoh
549 3255 625 3302 sehon
644 3253 685 3304 hei
699 3253 750 3306 Cio.
764 3253 894 3304 lisweilen
912 3253 959 3304 mit
971 3256 1025 3306 dein
1040 3255 1110 3319 Conj.
1126 3271 1184 3305 ver-

109 3320 208 3370 bunden
228 3318 361 3370 ersoheint.

180 3409 209 3456 iel
224 3414 287 3456 erat:
305 3403 384 3454 demit
403 3404 491 3455 wollte
511 3403 552 3454 ioh
569 3419 654 3469 sagen,
670 3406 760 3456 meista
779 3405 827 3457 inlr.
862 3407 913 3456 Der
926 3407 997 3472 Conj.
1013 3410 1184 3472 possessum,

109 3473 170 3524 soil
188 3473 242 3524 dies
261 3472 365 3523 Crassus
385 3472 424 3522 als
441 3473 510 3524 seins
528 3473 652 3537 damaligs
671 3473 777 3524 Ansieht
796 3475 928 3526 beriohtet.

180 3575 260 3609 anum
279 3561 398 3612 neminem
415 3574 445 3609 ee
465 3561 574 3610 omnihus
597 3557 632 3608 ist
649 3558 801 3609 sbsiohtlioh
824 3567 928 3625 gesom,
955 3561 1009 3611 dem
1036 3560 1183 3623 gewohnten

110 3627 247 3678 Aosdrnek
265 3633 396 3691 sntqegsn,
414 3628 521 3677 wonseh
537 3643 604 3678 anns
621 3627 668 3676 mit
683 3628 731 3678 den
748 3627 855 3680 Formsn
867 3644 915 3678 von
928 3633 1005 3680 muna
1021 3627 1186 3678 nnmittelbsr

110 3695 257 3747 verbunden
277 3711 310 3745 an
327 3694 431 3746 werdon
452 3697 536 3760 pilosi,
564 3709 605 3744 um
630 3695 708 3746 durch
731 3695 807 3759 jenen
826 3697 919 3747 Zusstz
938 3713 985 3746 von
1005 3698 1123 3746 honinem
1141 3696 1186 3746 dor

108 3765 225 3828 suessae
245 3766 291 3815 den
311 3763 453 3814 Cherskter
470 3764 515 3814 der
535 3762 726 3827 nllgemeinsten
746 3764 856 3830 Gallung
873 3781 903 3816 zu
922 3764 1066 3825 verissiles,
1094 3763 1145 3827 vgl.
1163 3781 1185 3815 z.
1238 3767 1242 3774 '

108 3837 134 3897 3,
154 3835 199 3886 ts:
219 3835 351 3886 lominum.
382 3839 385 3844 '

181 3921 290 3980 ineptam
310 3914 424 3982 (tsktlosl
440 3933 488 3967 esse
504 3931 554 3978 me,
583 3916 653 3966 nieht
670 3915 769 3967 einlsoh
786 3919 880 3978 ineptus
899 3932 960 3978 esse,
990 3915 1049 3966 weil
1066 3932 1114 3966 esse
1131 3917 1186 3966 hier

109 3987 137 4036 in
157 3986 212 4036 dem
231 3985 308 4036 Sinne
323 4000 372 4034 von
390 3987 470 4036 videi
486 3984 547 4034 oder
565 3987 699 4036 eaisiimari
717 3990 806 4048 gessgt
822 3984 922 4034 avernen
939 3983 1023 4036 sollte.
