2814 4526
339 344 382 394 on
402 315 565 410 onnronn,
584 338 627 395 tn.
645 342 676 404 u.
695 359 747 411 etp.
763 348 785 397 a.
803 347 826 398 s.
845 341 987 410 seo-32.
1119 299 1123 306 ’
1159 345 1200 409 25

127 504 187 564 Hie
210 510 311 580 postea
326 517 414 579 quam
431 500 607 572 adriserunt,
628 501 687 562 Res
702 501 774 562 mihi
797 500 912 561 videtur
934 519 1006 572 esse,
1028 500 1132 579 inquit,
1156 504 1201 562 sa·
1216 499 1260 550 30.

127 590 237 650 onitate
260 586 415 665 praeclara,
438 594 499 646 arte
522 586 687 646 mediocris.
730 585 786 646 Ars
807 587 884 646 enim
908 605 1009 646 earum
1032 605 1133 650 rerum
1150 598 1202 659 est,

127 692 209 754 quae
230 673 378 743 sciuntur3
418 670 542 731 oratoris
564 678 662 732 autern
686 671 783 731 omnis
806 672 880 731 aetio
903 671 1120 752 opinionibus,
1141 689 1202 732 non

126 759 262 830 seientia,
285 757 460 818 continetur.
504 756 577 816 Nam
601 764 629 816 et
651 757 727 835 apud
752 775 803 817 eos
826 757 964 830 dicimuS,
986 758 1037 835 qui
1058 757 1203 828 nesciunt,

129 855 162 906 et
184 839 382 914 ea'dioimus‚
412 858 487 919 quae
517 840 664 901 nescimus
694 842 759 920 ipsi.
802 841 903 920 Itaque
925 851 954 902 et
974 841 1014 901 illi
1035 843 1103 903 alias
1125 841 1203 902 aliud

128 929 238 992 iisdem
273 928 308 988 de
340 926 429 987 rebus
463 934 492 986 et
527 927 717 986 sentiunt‘et
747 927 873 987 iudicant
903 934 932 988 et
957 945 1013 988 nos
1045 928 1204 988 contrarias

129 1033 221 1094 saepe
251 1031 352 1074 causas
375 1011 517 1084 dicimuS‚
547 1029 609 1071 non
632 1012 722 1072 modo
745 1021 778 1072 ut
796 1013 919 1073 Crassus
942 1019 1044 1072 eontra
1063 1031 1110 1074 me
1131 1014 1207 1074 dicat

129 1099 293 1179 aliquando
321 1107 372 1157 aut
397 1115 450 1176 ego
482 1107 583 1156 eontra
604 1097 758 1168 Crassum,
785 1115 852 1157 oum
876 1097 1006 1159 alterutri
1028 1115 1147 1159 neeesse
1169 1099 1206 1159 sit

131 1187 244 1247 falsum
269 1184 382 1255 dicere,
414 1182 464 1242 sed
494 1183 580 1242 etiam
607 1193 640 1242 ut
671 1191 794 1260 uterque
824 1193 960 1243 nostrum
991 1183 1091 1244 eadent
1114 1185 1150 1245 de
1172 1201 1205 1242 re

130 1272 204 1333 alias
234 1268 311 1329 alind
343 1267 495 1338 defendat,
526 1285 593 1326 oum
622 1267 690 1346 pius
718 1285 778 1327 uno
811 1287 914 1328 verum
934 1287 997 1342 esse
1019 1286 1081 1328 non
1103 1269 1204 1347 possit.

130 1358 171 1420 Ut
193 1356 281 1434 igitur
301 1353 334 1414 in
356 1354 419 1413 eius
442 1351 523 1411 modi
552 1371 600 1424 re,
630 1370 705 1431 quae
728 1354 880 1414 mendacio
904 1354 971 1414 nixa
991 1355 1043 1427 sit,
1074 1372 1148 1432 quae
1170 1353 1205 1414 ad

132 1442 288 1504 scientiam
318 1455 381 1500 non
411 1456 497 1515 saepe
526 1438 692 1515 perveniat,
720 1455 795 1515 quae
822 1439 977 1517 opiniones
1001 1440 1156 1500 hominurn
1179 1447 1207 1498 et

131 1545 222 1605 saepe
243 1542 360 1586 errores
380 1532 551 1601 aucupetur,
571 1522 609 1582 ita
632 1523 735 1596 dicam,
754 1523 779 1584 si
801 1543 917 1584 oausam
933 1526 1040 1603 putatis
1058 1543 1130 1598 esse,
1153 1519 1207 1584 dur

130 1611 267 1675 audiatis.
620 1624 625 1636 ‘

221 1697 282 1756 Nos
302 1711 373 1754 vero
396 1702 424 1754 et
445 1692 527 1752 valde
551 1693 679 1770 quidem,
702 1692 819 1752 Catulus
840 1694 943 1770 inquit,
967 1704 1104 1773 putamus
1120 1703 1206 1772 atque
1220 1687 1250 1746 8.
1270 1691 1312 1741 31.

132 1801 169 1843 eo
194 1780 299 1859 magis,
330 1779 410 1856 quod
437 1777 522 1858 nullax
546 1777 618 1841 ntihi
647 1778 841 1843 ostentatione
870 1779 977 1840 videris
1000 1799 1063 1840 esse
1088 1798 1205 1840 usurus,

130 1869 268 1929 Exorsus
292 1883 324 1944 es
346 1864 424 1939 enirn
446 1881 513 1938 non·
531 1863 672 1942 gloriose,
695 1863 785 1941 magis
808 1882 824 1923 a
846 1863 981 1936 veritate,
1005 1873 1037 1924 ut
1059 1873 1090 1924 tu
1112 1873 1206 1943 putas,

132 1970 227 2032 quam
250 1971 266 2010 a
288 1949 388 2010 nescio
420 1967 479 2027 qua
507 1948 651 2026 dignitate.
695 1949 733 2011 Ut
754 1948 842 2026 igitur
864 1949 900 2009 de
922 1950 986 2028 ipso
1010 1968 1116 2028 genere
1139 1968 1206 2009 sum
1221 1965 1262 2017 32.

205 2154 246 2204 30.
270 2153 388 2214 facultate
401 2177 435 2186 -
448 2160 511 2202 arte:
531 2150 691 2200 hinsiehtlieh
710 2152 754 2201 der
772 2150 931 2216 praktisehen
947 2151 1083 2216 Ausiibung
1099 2153 1148 2201 und
1162 2153 1207 2201 der

131 2220 322 2273 theoretisehen
346 2219 423 2270 Seite.
466 2218 512 2269 Die
539 2217 654 2283 folgendo
679 2218 823 2284 Erkliirung
853 2220 896 2270 des
920 2219 1042 2271 Antonius
1073 2221 1152 2270 leidet
1175 2237 1207 2270 an

133 2292 206 2344 einer
229 2289 309 2338 durch
334 2289 373 2338 die
397 2286 534 2338 zwiefuche
554 2289 698 2352 Bedeutnng
715 2303 764 2337 von
782 2307 823 2339 are
840 2286 1032 2348 (Konstlehre
1049 2290 1099 2339 und
1116 2288 1209 2351 anst)

133 2358 312 2410 vernulessten
329 2355 535 2420 Ungennuigkeit,
555 2357 635 2406 indeni
653 2372 682 2406 er
699 2357 739 2406 die
753 2357 881 2422 Requisite
897 2357 971 2420 jener
989 2358 1035 2408 auf
1050 2359 1118 2408 diese
1130 2359 1206 2407 iiber-

134 2436 228 2492 tragon
246 2426 298 2475 und
317 2424 388 2476 beide
405 2425 451 2474 mit
469 2425 588 2476 einander
610 2426 777 2476 verwechselt
796 2428 850 2478 het.
886 2427 1006 2477 Dasselbe
1026 2427 1074 2490 gilt
1096 2443 1144 2476 von
1161 2428 1209 2476 der

136 2513 203 2563 ganz
221 2495 357 2544 iihnlichen
375 2494 454 2544 Stelle
473 2491 490 2543 1.
506 2496 546 2558 23,
569 2495 647 2546 toeff.

207 2574 290 2616 eontra
316 2580 352 2614 me
374 2567 449 2613 dicat:
480 2561 534 2613 eine
559 2563 713 2628 Anspielung
739 2561 784 2612 auf
807 2564 861 2614 ihre
889 2562 1071 2628 Gegnersehaft
1101 2565 1125 2614 in
1152 2565 1208 2614 dent

135 2634 259 2686 Prozesse
280 2633 322 2682 dos
341 2631 369 2681 C,
387 2630 490 2694 Sergius
509 2631 595 2695 Orata,
617 2629 634 2682 1.
653 2635 693 2690 39,
715 2635 777 2695 178;
795 2633 825 2682 de
843 2633 883 2683 off.
904 2632 944 2682 ΙΙΙ.
968 2637 1005 2697 16,
1024 2637 1065 2686 67.

207 2713 234 2752 ot
251 2705 329 2766 ἐρίων
347 2707 407 2750 oet:
435 2699 496 2751 Also
514 2715 560 2748 nur
577 2699 603 2748 in
622 2701 676 2750 dem
695 2700 783 2758 Sinne,
803 2701 860 2750 dass
880 2716 906 2752 es
926 2702 980 2751 sieh
997 2719 1035 2751 uin
1054 2702 1109 2752 eine
1127 2702 1207 2751 Sache

134 2771 249 2824 handelt.
288 2769 346 2833 Vgl.
362 2785 392 2819 zn
408 2773 430 2828 1,
449 2771 479 2820 2:
504 2779 531 2818 ut
552 2773 632 2830 pueri.
672 2769 795 2818 Aehnlioh
814 2769 862 2819 wie
881 2770 936 2820 hier
955 2771 1019 2819 wind
1038 2771 1082 2820 der
1102 2771 1207 2820 vorher-

134 2840 250 2907 gehendo
268 2837 428 2888 Relativsotz
445 2837 522 2886 durch
540 2843 574 2888 ita
591 2837 750 2903 recepitulirt
770 2838 801 2887 ad
820 2836 877 2888 farn.
896 2837 914 2888 1.
935 2842 957 2893 1,
976 2842 999 2891 t.
1036 2837 1070 2889 lm
1092 2837 1210 2889 Griechi-

134 2913 213 2961 sehen
234 2908 269 2956 ist
289 2907 328 2956 die
345 2907 538 2971 ontspreehende
551 2906 707 2956 Correiatiou
728 2922 776 2955 uon
795 2901 831 2965 ὥς
849 2907 898 2956 und
920 2905 992 2961 οὕτω
1010 2909 1073 2957 noch
1087 2911 1208 2971 gewdhn-

135 2980 227 3029 lieher.
263 2975 300 3025 Zu
319 2979 346 3027 tn
364 2975 417 3039 vgl.
436 2974 454 3024 I.
474 2977 514 3035 19,
534 2977 579 3028 882
598 2979 624 3025 ἐπ
642 2980 730 3026 animia
741 3003 775 3011 —
782 2979 958 3038 permovendas.

207 3048 337 3096 mendacio.
365 3043 403 3093 Zu
430 3044 476 3094 den
500 3043 621 3107 Begritien
648 3049 728 3106 opinio
754 3046 803 3093 und
824 3045 916 3095 seinein
941 3044 1089 3108 Gegentheil
1110 3049 1210 3094 retentio

136 3116 174 3184 (in
201 3116 248 3165 den
269 3113 391 3163 Worten:
425 3117 527 3163 oratorie
550 3123 673 3164 autem-
687 3115 833 3178 continetur)
857 3129 911 3163 war
930 3114 963 3163 im
983 3114 1209 3177 Vorhergehenden

136 3185 204 3236 noch
224 3184 270 3232 der
287 3181 382 3245 Begriff
397 3181 441 3230 der
455 3180 522 3244 Liige
541 3181 768 3244 hinzugekomnien,
789 3198 860 3233 wenn
874 3184 938 3232 auch
953 3183 1022 3232 nicht
1034 3182 1209 3232 ausdriiokiieir

136 3259 250 3320 genennt
268 3252 379 3300 worden.
406 3249 480 3299 Diese
492 3251 594 3300 werden
607 3249 675 3314 jotzt
686 3251 711 3298 in
725 3251 794 3300 einer
808 3251 1077 3302 zusammeni'assenden
1092 3255 1207 3302 conclusio

136 3320 282 3373 simmtlich
299 3319 326 3368 in
347 3320 524 3382 umgekohrter
542 3317 620 3382 Folge
639 3319 795 3375 wiederholt,

209 3385 238 3446 8.
271 3390 312 3439 31.
343 3391 441 3439 Uatulus
458 3391 544 3452 inquit.
582 3387 639 3450 Vgl.
658 3403 679 3438 z.
699 3390 722 3444 3,
748 3390 786 3440 13.

208 3463 316 3520 verume,
336 3456 385 3506 wie
404 3456 420 3506 l.
444 3458 482 3519 17,
504 3459 549 3507 77:
578 3459 699 3507 sedeamus
717 3473 748 3507 ne
762 3462 819 3517 ptus
837 3461 861 3510 ei
877 3462 1023 3520 tribuamus,
1042 3475 1115 3521 quam
1132 3473 1171 3506 ree
1187 3465 1209 3505 et

137 3533 228 3580 veritas
247 3530 300 3588 ι’ρεα
317 3529 442 3585 concedam
460 3531 536 3574 unten
556 3521 572 3589 ξ
592 3527 624 3577 34
643 3543 667 3575 u.
681 3542 717 3589 o.;
737 3544 752 3575 a
769 3531 912 3591 nescioquo
930 3531 1055 3592 diqnittzte:
1074 3525 1118 3576 mit
1129 3524 1209 3574 einem

138 3593 348 3648 vermeintliohen
366 3594 424 3655 (mir
442 3594 624 3654 unbekannten)
644 3596 725 3645 hohen
743 3594 856 3646 Werthe.

209 3666 251 3716 32.
271 3672 300 3713 ut
313 3663 359 3712 mit
371 3661 510 3726 folgenden
524 3669 560 3712 uo
571 3662 595 3711 in
610 3663 768 3714 concessiver
782 3665 932 3728 Bedeutung,
947 3663 996 3713 wie
1007 3662 1075 3712 Lnel.
1085 3665 1110 3725 t,
1126 3663 1169 3712 14:
1183 3671 1210 3712 ut

138 3736 205 3784 ntott
226 3736 284 3782 bont
307 3742 342 3783 eat
364 3735 391 3780 ἐκ
409 3741 495 3794 morte,
519 3736 553 3781 sio
569 3741 630 3781 oerte
646 3737 864 3784 montemarano.
898 3732 1017 3782 Derselhe
1038 3729 1156 3781 Gednnke
1175 3729 1209 3780 ist

139 3803 216 3852 sehon
232 3799 250 3851 Ι,
265 3803 307 3863 23,
330 3799 407 3853 totu.
425 3797 573 3864 nusgeiiihrt
591 3803 701 3852 worden.

210 3873 239 3920 da
254 3873 307 3932 ipro
323 3885 420 3935 ymera:
438 3869 499 3920 iiber
516 3868 556 3918 die
571 3867 650 3920 Ssehe
668 3870 747 3920 selbst
760 3870 794 3919 im
809 3869 979 3932 ullgemeinon.
1013 3869 1076 3918 Dass
1096 3867 1153 3918 hier
1170 3867 1210 3917 die

141 3937 355 4001 Verweehseinng
375 3937 420 3987 der
437 3937 526 3988 beiden
541 3937 647 4000 Bogriffe
669 3937 869 3990 liunstlehre
887 3939 935 3988 und
950 3936 1051 3988 Runst
1068 3937 1131 3988 noch
1145 3934 1210 3986 iort-

142 4006 240 4072 denen,
261 4007 295 4057 ist
312 4006 391 4057 leieht
409 4005 567 4070 ersiehtiich3
585 4005 648 4060 donn
666 4023 695 4058 er
711 4010 757 4058 hut
777 4023 889 4058 nervon
909 4009 954 4058 dor
968 4006 1130 4075 prektisehen
1141 4005 1210 4056 Seite
