2756 4520
306 316 348 368 on
368 313 532 382 onnronu,
549 317 594 372 uo.
615 315 658 372 nr.
679 331 734 386 up.
753 322 797 375 aa.
817 318 834 387 a
853 323 910 375 rar.
1102 319 1163 388 103

85 472 139 534 sed
156 472 189 534 in
205 473 346 550 brabone,
364 473 394 534 id
411 481 462 556 ost,
476 471 507 534 in
523 473 743 536 continuatione
759 474 929 539 verborum.
974 477 1017 540 Ne
1031 478 1078 539 iIIa
1094 480 1162 558 qui-

83 559 156 704 (1116ιὲ
171 558 314 620 traductio
331 567 418 638 atquo
439 558 609 623 Immutotio·
617 559 650 620 in
666 559 758 621 verbo
774 561 925 641 quandam
941 561 1162 625 fabricationem
1201 581 1203 587 ⁴

109 663 125 703 a
149 652 198 705 et:

129 725 248 808 Africo
263 724 400 800 toniba‘b'
409 726 514 790 annii
527 724 662 791 barrida
679 729 765 793 tarro
782 727 922 794 iumuim

86 814 157 890 [Pro
174 813 282 874 Ainis
298 822 341 875 est
356 821 474 892 sumpta
489 814 639 890 nirioal.
661 813 766 893 Neque
779 819 889 877 iactum
904 815 1029 877 verbum
1045 825 1098 888 ast,
1115 825 1163 877 ut:

84 901 188 960 Mare
204 899 418 980 saxifragis
434 898 569 972 undis3
591 893 690 977 baqua
713 901 895 976 translatum,
918 912 967 963 ut:
989 901 1164 962 IIIoIIitur

85 1001 207 1056 rnore3
229 984 281 1044 sed
298 983 423 1044 ornandi
438 1001 525 1045 causa
540 985 697 1062 proprium
714 987 837 1065 proprio
853 995 1074 1050 commutatum.

127 1065 259 1144 Desine,
282 1065 395 1144 Romo,
420 1071 493 1132 tuos
513 1066 612 1132 bostis
627 1115 635 1130 .
652 1113 659 1131 .
676 1115 709 1130 ..

87 1163 132 1214 et.

130 1236 238 1302 Testor
252 1241 324 1301 aunt
341 1235 455 1318 Ooanpa'
471 1237 582 1319 moqau'
596 1284 702 1302 .....

84 1324 190 1386 Gravis
207 1332 251 1385 est
264 1324 371 1386 modus
387 1325 417 1384 in
434 1331 539 1385 ornatu
555 1323 695 1384 orationis
712 1332 741 1385 ot
756 1343 843 1405 saepe
858 1325 1037 1398 sumendus;
1053 1342 1089 1384 ax
1103 1343 1162 1404 quo

86 1427 198 1488 genere
215 1409 378 1488 baaosunt,
393 1409 551 1470 Martem
566 1407 661 1470 beIli
676 1428 762 1472 osse
778 1427 1039 1490 communem,
1055 1409 1163 1471 Cere·

85 1513 165 1555 rem
180 1512 236 1572 pro
253 1495 398 1572 frugibus,
413 1493 596 1554 Liberum
611 1495 756 1574 appellare
772 1513 827 1576 pro
844 1496 923 1569 uiuo,
941 1497 1164 1574 Neptunum

156 1615 201 1662 iliu
217 1611 251 1661 ist
267 1611 306 1662 als
323 1609 394 1676 Subj.
412 1613 567 1676 anausohon‚
586 1627 659 1662 wozu
675 1615 795 1664 eruduatio
815 1624 888 1681 atqua
904 1617 1039 1668 immutatio
1060 1611 1100 1663 ‹Iio
1123 1628 1164 1663 or-

84 1681 210 1732 utronno
231 1678 376 1746 Apposition
394 1679 486 1730 bildon.
594 1735 599 1746 ι

157 1753 298 1814 inmutatio,
317 1749 342 1800 (I.
361 1749 377 1799 ί.
396 1748 557 1814 Matonymio.
581 1735 649 1800 Uber
669 1749 716 1798 dan
731 1747 899 1801 Untarsobiod
912 1750 1040 1800 zwisobon
1059 1749 1100 1800 ihr
1114 1750 1165 1800 und

84 1819 131 1870 dor
149 1817 283 1883 Matupbar
300 1817 351 1882 ng.
370 1833 406 1868 or.
428 1820 473 1879 27,
492 1821 539 1869 92:
567 1822 654 1869 tralata
671 1835 699 1868 aa
722 1820 788 1879 dua,
809 1829 836 1868 ut
861 1835 928 1882 saepo
949 1823 1011 1884 ium,
1038 1835 1099 1884 quaa
1117 1835 1165 1880 par

84 1890 271 1940 similtudinem
290 1889 319 1938 ab
338 1891 389 1938 otia
413 1903 440 1937 ra
465 1897 508 1936 aut
533 1889 659 1937 manatio
684 1897 727 1938 aut
749 1891 845 1949 inopiae
867 1905 939 1940 aauau
965 1889 1164 1945 tramfaruntur:

85 1961 222 2017 immutata,
240 1951 376 2019 inquibus
388 1971 437 2017 pro
455 1958 524 2006 uerbo
539 1960 641 2017 proprio
657 1959 775 2008 aubiartur
792 1959 867 2020 aliud,
884 1961 950 2022 quod
964 1959 1025 2008 idam
1037 1960 1163 2022 aiqnaflaat,

85 2034 209 2087 namnam
229 2041 257 2074 aa
282 2041 309 2074 ra
333 2027 415 2088 aliqua
440 2028 593 2087 consequenti
621 2023 731 2087 (woloba
756 2023 781 2072 in
806 2039 883 2088 angor
900 2025 1042 2088 boziobuug
1069 2041 1099 2073 zo
1123 2023 1164 2072 ibr

85 2093 186 2155 steht)3
205 2095 270 2156 quod
285 2103 406 2158 tamquam
417 2094 586 2156 transferendo
599 2097 642 2157 stt,
660 2103 738 2142 tamon
751 2097 798 2144 ulio
815 2098 882 2144 modo
900 2098 1024 2145 transtulit
1040 2111 1092 2144 aum
1106 2095 1164 2143 diait

86 2166 189 2213 Marius
208 2162 271 2212 ‘arao
288 2172 310 2212 at
327 2165 385 2212 urba
407 2165 466 2212 orba
488 2165 567 2222 sum’,
595 2163 643 2211 aba
669 2165 737 2212 modo
766 2163 899 2213 ‘borridum
917 2161 1036 2224 Afra'oam
1062 2163 1167 2214 torribiti

86 2242 190 2284 trainam
207 2233 319 2281 tumultu’
339 2247 392 2282 aum
411 2233 477 2281 dini.
513 2232 585 2280 Hana
604 2227 771 2299 ὑπαλλαγὴν
789 2233 908 2293 uiatores,
934 2235 992 2298 quia
1009 2234 1085 2295 quasi
1100 2247 1164 2280 sum-

86 2307 217 2352 mutantur
233 2302 305 2349 oerba
318 2315 365 2362 pro
384 2302 477 2361 aurbu,
496 2303 678 2370 μετωνυμίαν
694 2304 846 2364 qrammaaui
860 2309 957 2362 aoaant,
981 2302 1047 2364 quod
1067 2303 1165 2348 nomina

85 2367 289 2431 transsumantur,
316 2367 342 2421 d.
361 2367 385 2416 h.
405 2367 439 2416 im
456 2373 539 2417 oraton
557 2366 666 2432 Raispiol
682 2367 748 2416 wind
767 2375 831 2418 statt
850 2369 892 2419 das
912 2368 1080 2432 aigantliobou
1100 2366 1164 2416 Puti-

86 2437 173 2486 dikats
192 2436 233 2485 oin
251 2451 295 2485 aus
315 2435 394 2486 oinom
407 2436 516 2486 anderun
530 2434 591 2486 abor
600 2437 764 2486 vorwaudton
778 2435 869 2488 Gebiat
881 2435 1166 2487 antlahntarbildliobar

85 2505 337 2569 Aosdruckgosotzt,
354 2503 388 2554 im
406 2503 512 2554 awaitan
531 2503 612 2553 bloibt
630 2505 674 2554 das
692 2503 842 2568 aigantlioha
853 2505 976 2557 Pridikat
995 2505 1166 2556 unvoriiudort
1185 2553 1188 2561 ,

84 2575 137 2626 und
156 2587 183 2623 as
202 2573 267 2622 wind
284 2589 332 2622 nur
351 2579 416 2623 stati
433 2574 476 2623 des
498 2571 568 2636 Subj.
594 2571 634 2622 oin
652 2573 759 2623 andarar
784 2575 1015 2640 oigontliobor
1033 2573 1165 2624 Ausdruok

86 2643 243 2708 gebraucht,
269 2642 380 2692 walchan
397 2642 469 2692 ainau
488 2641 534 2690 mit
551 2641 602 2690 ilnn
620 2641 647 2690 iu
664 2640 826 2707 Vorbindnng
852 2643 988 2694 stebandan
1007 2640 1164 2707 Gagonstoud

87 2710 245 2762 bezeichnot.

155 2780 339 2842 fabricationem
357 2781 438 2830 nabat:
457 2777 567 2828 bewirkt
587 2779 647 2828 odor
664 2777 736 2830 iiihrt
757 2778 812 2828 aina
832 2779 973 2829 kiinstiiobo
984 2779 1166 2842 Varindarong

90 2847 188 2900 harboi.

90 2929 93 2935 ·
156 2918 251 2982 Afriaa
270 2906 328 2979 oet,
357 2930 402 2965 aus
421 2911 522 2964 Ennius'
543 2913 657 2966 Annaleu
677 2915 807 2978 outlehnt,
836 2914 1047 2966 wabrsoboinlioh
1064 2913 1110 2966 auf
1126 2913 1166 2965 dio

88 2985 210 3048 Landnng
228 2981 333 3050 Scipio's
350 2984 376 3033 in
393 2981 484 3033 Airika
502 2999 533 3033 zu
546 2983 675 3034 boziabou.

151 3055 258 3118 suatuan,
278 3053 326 3102 uia
347 3054 388 3114 38,
411 3055 467 3104 154.

158 3125 249 3173 Desino
263 3127 310 3172 oet.
346 3119 404 3184 VgI.
422 3121 452 3170 ‹Io
474 3121 514 3172 on.
531 3118 560 3170 II.
581 3121 624 3180 32,
645 3123 707 3173 106:
731 3123 812 3185 itaqm
839 3123 928 3172 beatior
945 3122 1085 3182 Africanus
1113 3139 1167 3172 aum

79 3193 169 3254 patria
187 3195 231 3240 illo
248 3194 315 3240 modo
328 3194 437 3254 loquiano:
457 3192 545 3240 ‘darino
558 3193 633 3240 Roma
650 3201 704 3240 tuos
720 3193 809 3242 boatu.
821 3228 827 3241 .
840 3193 873 3251 .’;
889 3195 1029 3254 reliquaque
1040 3194 1167 3250 praeclare

89 3263 163 3311 ‘Nam
181 3262 228 3310 ribi
243 3263 398 3310 moenimenta
415 3262 463 3310 mai
479 3274 591 3320 peparara
608 3261 716 3310 labarae.
735 3257 787 3308 Dar
799 3255 914 3322 folgendo
926 3258 992 3310 Vara
1008 3257 1092 3308 lautot
1103 3258 1165 3306 naoh

88 3328 185 3378 Nonius
203 3344 227 3393 p.
245 3329 293 3389 66,
312 3329 344 3380 25
364 3343 404 3376 so:
422 3337 489 3378 testas
508 3336 565 3377 sunt
581 3329 642 3377 Lati
657 3329 738 3390 campi
758 3326 812 3390 (dia
827 3321 949 3394 Moyoiiu
963 3328 1050 3379 πεδία
1068 3319 1165 3378 uarui-

88 3415 160 3464 μενα
178 3396 245 3446 nach
265 3393 355 3462 Polyb.
374 3394 443 3446 XIV.
463 3399 493 3456 I,
519 3411 558 3443 wo
577 3393 682 3461 Syphax
709 3397 757 3446 ond
775 3395 916 3447 Hasdrubal
938 3397 987 3449 203
1015 3409 1064 3444 von
1082 3393 1166 3458 Scipio

87 3465 187 3529 basiogt
207 3465 335 3528 worden),
354 3481 415 3529 quos
430 3467 492 3530 φανέν
508 3466 601 3529 Africa
626 3474 692 3515 tarro
712 3469 813 3527 politos,
843 3464 892 3514 ond
916 3466 1005 3528 gohirt
1027 3463 1091 3513 uooh
1115 3462 1165 3512 ihrn

89 3535 113 3584 in
131 3535 176 3584 das
199 3534 221 3584 3.
246 3534 314 3582 boob
337 3547 386 3582 von
409 3529 511 3582 Ennius'
536 3530 655 3597 Sutiron,
682 3534 769 3584 wobar
796 3532 1007 3583 wahrsobainlioh
1031 3531 1094 3580 auch
1121 3531 1166 3580 dor

88 3601 296 3666 vorborgobendo
315 3601 379 3652 Varo
398 3607 506 3651 stammt.

161 3673 265 3722 Gravia:
282 3669 409 3721 wirksam.

155 3742 263 3790 Manem
282 3768 294 3774 -
307 3755 459 3801 aommunam,
470 3738 600 3788 wiasoboo
610 3736 651 3787 boi
660 3737 729 3788 IIom.
743 3736 772 3788 Il.
782 3735 876 3800 XVIII,
891 3739 955 3790 309:
974 3733 1054 3798 ξυνὸς
1068 3731 1165 3790 Ἐνυά-

87 3810 154 3871 λιος,
173 3811 224 3858 καί
240 3817 269 3860 τε
287 3811 437 3860 κτανέοντα
455 3809 588 3869 aurium
613 3823 635 3872 p.
656 3805 708 3856 Mil.
734 3809 782 3872 21,
809 3808 854 3858 56:
887 3809 947 3856 adda
965 3809 1065 3858 insertor
1089 3811 1165 3858 ναέταν

81 3893 228 3942 pannorum
253 3877 401 3940 Martemque
421 3892 580 3937 aommunam;
607 3877 639 3926 ad
662 3874 720 3925 iam.
738 3871 782 3928 Vl.
801 3877 832 3940 4,
862 3876 894 3926 1:
920 3891 974 3926 aum
996 3879 1074 3925 omnib
1095 3877 1166 3926 Mars

84 3948 219 3998 eommunis
238 3953 260 3995 at
277 3961 329 3996 aram
346 3961 436 4005 umpor
453 3948 541 3996 inaarti
556 3949 634 3995 caitus
657 3947 806 4007 proeliorum
829 3953 901 4002 aunt,·
922 3958 945 4009 p.
970 3941 1035 3994 Sost.
1061 3947 1090 4009 5,
1120 3945 1165 3996 12:

83 4019 190 4067 nimium
204 4029 350 4064 communiam
367 4015 472 4064 Mortem
491 4016 546 4063 balli
561 4030 686 4078 ausumque
704 4015 824 4075 mananti,
842 4013 899 4062 oud
917 4013 981 4062 auob
999 4019 1070 4063 sonst
1088 4010 1133 4063 ort.

141 4085 316 4144 Otreramoot,
335 4083 388 4146 νεὶ.
408 4083 439 4132 do
460 4083 528 4134 door.
549 4100 570 4131 o.
589 4079 619 4132 II.
638 4085 679 4145 23,
692 4083 737 4134 60:
755 4098 808 4132 oum
819 4083 853 4146 fr
863 4098 919 4148 uqaa
935 4085 1042 4134 Curarem
1062 4086 1166 4145 metta-
