2750 4526
266 371 309 422 un
328 369 492 437 unnronu,
512 372 557 424 un.
576 370 606 424 n.
627 388 679 438 cap.
694 375 734 425 43.
752 377 793 427 44.
811 375 826 436 a
845 376 987 427 tat-tec.
1123 373 1168 439 95

90 526 172 588 enini
188 527 318 606 quodam
335 527 547 588 sententiarum
563 536 592 589 et
611 546 718 607 genere
740 527 908 600 verborum,
930 526 1055 588 adhibite
1078 529 1166 590 etiam

90 614 208 674 actione
240 612 299 672 leni
329 611 555 690 facilitatemque
586 612 759 692 significanti
790 613 929 685 efficitur,
960 621 993 673 ut
1014 613 1110 692 probi,
1134 621 1167 674 ut

89 699 167 760 hene
190 697 306 768 morati,
327 705 360 757 ut
382 696 454 757 boui
476 697 529 757 viri
553 717 617 758 esse
636 697 797 761 videamur.
835 697 910 758 Huic
932 707 1029 759 autem
1052 707 1096 759 est
1119 699 1165 758 illa
1179 699 1304 761 44185.

88 783 191 862 dispar
206 783 342 844 adiuncta
357 783 429 841 ratio
446 782 595 862 oraticniS,
616 800 691 861 quae
712 783 766 843 alio
784 783 912 861 quedam
928 801 1035 860 genere
1058 784 1166 844 tuentis
1362 783 1363 786 ’

88 869 225 929 iudicum
256 874 410 946 permovet
439 867 619 946 impellitque
645 877 678 928 ut
699 878 749 928 aut
771 868 887 928 oderint
908 876 958 928 aut
977 868 1095 948 diligant
1117 877 1168 929 aut

88 953 243 1015 invideant
272 960 322 1012 aut
348 953 462 1012 salvum
493 952 582 1013 velint
603 961 654 1014 aut
675 961 806 1014 metuant
826 961 876 1014 aut
902 963 1021 1030 sperent
1042 961 1092 1013 aut
1112 972 1165 1014 cu-

87 1041 173 1118 piant
208 1044 258 1098 aut
286 1036 464 1098 abhorreant
491 1045 542 1098 aut
569 1039 711 1099 laetentur
741 1047 792 1099 aut
821 1046 969 1098 maereant
996 1046 1047 1099 aut
1075 1038 1165 1098 mise-

87 1131 214 1184 reantur
236 1130 286 1183 aut
307 1122 429 1201 poenire
452 1122 543 1182 velint
555 1132 605 1183 aut
619 1123 656 1183 ad
671 1142 722 1183 eos
737 1131 836 1183 motus
853 1124 1043 1198 deducantur,
1068 1123 1167 1200 siqui

88 1208 210 1269 linitimi
236 1215 307 1268 sunt
336 1207 381 1283 [de
411 1208 588 1286 propinquis
611 1227 645 1268 ao
668 1208 771 1269 talibus
796 1209 887 1269 animi
909 1206 1165 1286 permotionibusl.

89 1295 188 1372 Atque
212 1292 283 1352 illud
313 1291 475 1370 optandum
498 1301 542 1352 est
564 1294 690 1365 oratori,
726 1301 758 1353 ut
790 1293 917 1370 aliquam
948 1297 1167 1372 permotionem
1182 1293 1242 1346 186.

89 1379 266 1439 animorum
295 1395 348 1438 sua
370 1385 475 1454 sponte
497 1377 554 1455 ipsi
577 1377 710 1438 adierant
730 1377 766 1438 ad
790 1396 908 1438 causam
930 1377 1042 1439 iudices
1064 1379 1100 1438 ad
1126 1378 1166 1452 id,

90 1464 175 1543 quod
197 1462 304 1523 utilitas
326 1463 451 1522 oratoris
472 1466 555 1534 leret,
576 1462 835 1524 accommodatam.
874 1463 999 1525 Facilius
1023 1473 1066 1524 est
1088 1463 1166 1523 enirn

90 1557 280 1620 currentem,
315 1557 348 1607 ut
369 1547 466 1618 aiunt,
497 1547 618 1608 incitare
649 1566 737 1628 quarn
760 1566 949 1608 commovere
970 1549 1167 1626 languentem.

91 1635 144 1696 Sin
167 1634 198 1694 id
220 1642 269 1694 aut
291 1649 353 1692 non
372 1631 428 1692 erit
449 1641 499 1692 aut
520 1632 575 1694 erit
597 1632 769 1707 obscurius,
794 1633 869 1693 sicut
894 1633 1007 1693 medico
1029 1632 1170 1711 diligenti,

91 1720 270 1799 priusquam
304 1725 429 1777 conetur
460 1736 547 1796 aegro
583 1717 722 1778 adhihere
755 1717 945 1789 medicinam,
978 1735 1039 1777 non
1069 1718 1169 1778 solum

91 1803 221 1865 morbus
243 1804 317 1875 ciue,
339 1801 387 1862 cui
409 1801 519 1863 mederi
543 1803 635 1877 volet,
659 1803 710 1863 sed
733 1803 819 1864 etiam
842 1803 1026 1862 consuetudo
1046 1802 1167 1862 valentis

91 1899 122 1950 et
136 1897 241 1950 natura
265 1887 399 1965 corporis
415 1889 620 1966 cognoscenda
643 1897 695 1965 est,
719 1888 760 1948 sic
776 1887 913 1966 equidem
930 1906 998 1948 cum
1012 1887 1169 1965 aggredior

91 1976 125 2035 in
155 1973 275 2051 ancipiti
306 1990 393 2034 causa
426 1981 454 2033 et
485 1973 566 2051 gravi
587 1973 622 2034 ad
645 1974 760 2034 animos
782 1972 914 2033 iudicum
937 1972 1169 2050 pertractandos,

92 2059 178 2120 omni
211 2065 310 2119 mente
342 2057 384 2117 in·
410 2077 442 2118 ca
476 2057 649 2137 cogitatione
682 2075 812 2135 curaque
841 2075 953 2128 versor,
986 2065 1019 2117 ut
1050 2056 1170 2126 odoror,

163 2195 267 2257 quodem
290 2203 348 2242 rent.
375 2191 430 2241 hier
448 2215 483 2234 =
501 2197 605 2254 proprio
628 2196 737 2256 quodem.
773 2191 1004 2242 cherlrenswcrth
1025 2189 1060 2240 ist
1081 2189 1122 2241 die
1140 2189 1166 2238 in

92 2265 141 2314 den
160 2261 295 2326 folgenden
313 2259 464 2322 Adiectiven
481 2263 593 2322 preli-
604 2264 661 2312 hone·
681 2258 758 2325 (edel)
777 2261 922 2310 cnthaltcnc
940 2259 1096 2322 Steigernng.

71 2332 77 2345 '
164 2325 220 2386 44.
260 2331 317 2381 185.
356 2333 509 2392 impellitque.
544 2328 578 2378 So
601 2329 703 2379 werden
726 2343 788 2392 geru
810 2329 850 2379 die
873 2327 1007 2378 Pr'a‘tdicate
1031 2343 1080 2376 von
1102 2326 1167 2376 uwel

93 2397 267 2449 coordinirten
281 2397 374 2448 Shtzen
392 2398 469 2448 durch
487 2413 532 2460 que
550 2398 695 2448 verbunden
713 2398 763 2448 und
780 2397 943 2448 unmittelhar
956 2395 1034 2447 nehen
1048 2395 1168 2446 einander

92 2466 207 2534 gestellt.
242 2465 290 2515 Dic
308 2466 453 2530 Bedeutncg
477 2481 526 2515 von
549 2469 674 2518 invideant
696 2465 781 2530 crgiht
801 2466 854 2516 sich
872 2481 917 2516 ans
938 2467 992 2516 dom
1011 2463 1171 2528 Gegcnsetze

91 2541 186 2588 rehum
203 2539 292 2587 uelint:
313 2534 454 2598 abgeneigt,
473 2532 607 2598 leindselig
624 2534 723 2598 gesinnt
738 2535 800 2584 sein.

160 2608 268 2668 crepuent,
282 2603 355 2656 neml
364 2620 417 2654 reo:
435 2617 555 2667 gewogen
568 2603 631 2655 sein.
651 2602 710 2668 Vgl.
721 2602 753 2652 ud
767 2601 824 2654 iam.
836 2602 872 2656 X.
883 2606 907 2660 t,
919 2607 947 2656 4:
964 2604 1117 2666 certeettibi,
1128 2603 1173 2652 cur*

90 2677 195 2726 mancine
203 2676 281 2735 cupio,
293 2683 315 2724 et
326 2675 435 2724 munitur
442 2676 504 2723 uiuit
512 2675 588 2734 tenu,
600 2676 658 2724 ratio
664 2673 761 2737 faciem
770 2673 821 2722 und
830 2671 892 2722 oben
902 2675 944 2731 42,
956 2673 986 2723 17
990 2674 1020 2724 8:
1032 2674 1170 2731 cupiditate.

139 2746 266 2860 hpolesnisse.
304 2740 381 2859 Diesg
395 2741 428 2858 iq
438 2740 484 2791 deu
497 2740 601 2858 llldsehf.
616 2739 916 2864 ἑίἑῖθῖῗ),ίνονΙιοιῖωὲιιι,01111Ι
927 2739 1002 2858 110ιέ
1020 2739 1097 2788 findet
1112 2738 1168 2857 Ziph

91 2827 139 2862 auc
176 2827 191 2860 a
255 2825 303 2876 ep,
320 2826 342 2862 z.
383 2846 389 2859 .
428 2825 479 2859 nso.
514 2825 558 2875 rsp.
590 2846 595 2858 .
652 2847 659 2874 ,
730 2826 797 2861 :unu
843 2823 954 2860 unrmreoe
992 2824 1040 2858 rum
1058 2824 1111 2856 mer
1141 2825 1167 2857 oc

86 2883 249 2942 poeniuntur.

161 2951 319 3000 manuum,
356 2945 414 3010 Vgl.
431 2949 473 3008 45,
494 2947 555 2999 189:
573 2956 601 2997 ut
618 2949 652 2996 nd
661 2948 750 3010 fletum
767 2949 1002 3008 murmuratumque
1019 2947 1172 3005 deducetur:

91 3021 114 3068 re·
130 3019 191 3081 quu':
213 3016 311 3066 welche
337 3021 419 3078 etwa,
444 3015 493 3066 alle
511 3014 560 3077 die,
576 3014 686 3076 welche,
707 3014 756 3064 wic
774 3015 805 3064 de
826 3014 866 3063 lin.
885 3011 926 3062 lll.
944 3016 968 3072 9,
987 3014 1034 3064 31:
1060 3015 1171 3072 Circum·-

91 3088 188 3148 emptio
206 3088 283 3150 iqc'tm
300 3088 331 3134 iic
348 3087 478 3144 contentus,
495 3101 557 3148 quae
567 3087 655 3145 potui,
676 3093 697 3134 et
715 3086 760 3146 iic,
779 3085 802 3133 εἰ
820 3099 879 3146 queue
892 3084 982 3134 umnec
1000 3097 1083 3132 eurum
1101 3091 1170 3144 eunt,

90 3158 242 3218 relinquitur
260 3158 308 3202 cet.

164 3225 223 3276 186.
257 3223 335 3283 feret.-
354 3218 484 3272 erfordern
503 3220 576 3283 wird,
594 3219 643 3270 wie
663 3220 693 3270 dc
712 3220 758 3284 leg.
776 3233 829 3283 agr.
848 3217 934 3284 1128,
948 3223 993 3271 tt:
1011 3223 1034 3269 ru·
1050 3223 1086 3271 tta
1102 3235 1167 3268 eorn-

92 3295 188 3342 medum
205 3301 312 3342 eretrum
321 3291 385 3352 fert.

161 3370 189 3411 ut
205 3364 284 3421 aiunt,
306 3359 357 3423 vgl.
377 3374 399 3410 z.
419 3362 459 3423 10,
478 3359 525 3410 39:
544 3368 572 3410 ut
589 3361 630 3408 eu‘t.
666 3356 803 3407 Bcsmders
824 3355 888 3405 wird
907 3367 935 3408 ut
950 3361 1022 3408 aiunt
1039 3371 1083 3404 zur
1103 3353 1169 3402 Ein-

92 3426 202 3492 hilnrung
223 3426 461 3493 spriiclnwiirtlioher
475 3425 647 3476 Rcdcusarten
665 3425 811 3488 gebraucht.

160 3500 223 3548 cieret
234 3498 324 3547 maduo
334 3497 447 3559 diligenti
457 3501 519 3545 cet:
540 3510 568 3544 so
586 3495 672 3544 mache
689 3494 731 3544 ich
745 3509 772 3544 es
784 3493 884 3557 cbcnco,
902 3491 950 3542 wic
969 3490 1009 3541 ein
1027 3489 1167 3555 gewissen·

92 3565 178 3616 hafter
197 3565 278 3628 drzt3
296 3563 347 3614 wic
365 3563 447 3614 dieser
463 3562 570 3614 ncmlich
588 3568 635 3614 cet.
670 3562 721 3613 Iler
738 3561 856 3613 Gedcnlre
877 3561 912 3611 ist
925 3575 970 3610 aus
987 3559 1052 3608 Plct.
1071 3557 1167 3606 untur.

107 3638 181 3688 ,210
202 3634 229 3683 Β.
248 3633 371 3683 eutlcltut.

90 3651 105 3700 p
160 3719 247 3768 aequo,
271 3697 483 3763 substantivisch,
510 3715 596 3764 wegen
616 3700 661 3750 der
684 3696 902 3764 gegensiitzlichen
926 3695 1089 3758 Verbinduug
1118 3694 1169 3743 mit

90 3773 144 3823 dem
161 3771 247 3822 Subst.
270 3772 367 3820 maduo.
402 3767 461 3832 Vgl.
479 3771 520 3833 25,
541 3771 749 3826 lucernario.
768 3769 890 3819 ineuntis.

160 3843 195 3891 ad
203 3865 236 3876 -·
243 3841 442 3900 pertractandos:
459 3839 505 3887 nui
515 3836 555 3887 die
567 3836 758 3903 Emplindungcn
778 3837 822 3885 der
834 3834 938 3885 Richter
955 3831 1086 3895 energisch
1108 3830 1164 3882 ein-

91 3909 234 3971 znwirken3
262 3907 314 3972 vgl.
333 3907 357 3970 8,
373 3907 405 3958 32
423 3907 473 3955 und
492 3904 511 3955 l.
527 3909 568 3970 tt,
588 3909 651 3959 222:
670 3910 704 3957 c'te
717 3913 834 3970 perannat
849 3917 893 3964 per
909 3904 1010 3963 unimur,
1030 3903 1064 3952 ite
1082 3915 1171 3952 renunc·

90 3981 215 4030 hcrnrnum
228 3980 361 4039 mentuque
372 3983 512 4035 pertractet.

157 4041 499 4112 norcomannorum.
518 4045 560 4108 41,
581 4045 638 4095 174.
