2750 4526
226 299 269 366 80
396 298 438 350 DE
457 252 621 366 daehheh,
640 299 685 351 lib.
702 299 731 351 ΙΙ.
749 314 802 365 cap.
822 301 863 352 34.
885 299 926 352 35.
947 296 963 364 ἓ
986 299 1129 354 att-150.

226 458 285 518 hoc
310 464 405 518 totum
435 463 479 516 est
505 455 565 515 sive
592 455 661 516 artis
683 457 744 516 sive
765 453 1027 514 animadversionis
1050 455 1112 514 sive
1134 463 1295 514 consuetu·

228 542 305 604 dinis
327 559 416 602 nosse
437 542 590 620 regiones,
612 541 688 601 intra
715 558 787 619 quas
813 558 920 600 venere
944 549 972 602 et
993 539 1188 619 pervestigeS,
1210 539 1291 617 quod

228 645 362 707 quaeras.
411 626 469 688 Ubi
500 635 579 686 eum‘
597 626 695 687 locum
727 643 847 686 omnem
881 625 1054 704 cogitatione
1077 627 1237 704 saepseris,
1272 625 1296 684 si

229 713 320 774 modo
350 731 408 774 usu
436 730 536 772 rerum
557 711 759 790 percallueris‚
792 710 864 770 nihil
891 717 919 770 te
948 711 1067 790 effugiet
1088 720 1174 790 atque
1197 728 1294 780 omne,

162 793 216 855 35·
230 799 310 876 qnod
333 797 387 858 en't
405 798 438 857 in
460 815 508 869 re,
530 805 666 858 occurret
686 805 772 874 atque
794 796 909 856 incidet.
954 797 990 856 Et
1010 796 1082 872 sic,
1098 815 1166 856 cum
1189 797 1223 856 ad
1247 797 1295 854 in-

229 883 411 944 veniendum
435 882 466 942 in
497 881 622 942 dicendo
643 882 697 942 tria
718 883 791 942 sint:
812 899 946 954 acumen,
968 882 1074 942 deinde
1096 883 1185 946 ratio,
1206 899 1294 960 quam

172 976 176 985 “
229 969 311 1041 licet,
333 969 357 1029 si
379 967 533 1039 volumno,
563 968 742 1046 appellemus
763 973 870 1046 artem,
897 967 1016 1027 tertium
1044 967 1205 1046 diligentia,
1235 984 1295 1025 nou

229 1072 354 1133 possum
384 1053 522 1130 equidem
552 1070 615 1112 non
643 1052 762 1130 ingenio
792 1053 901 1130 primas
923 1053 1102 1124 concedere3
1126 1053 1177 1112 sed
1199 1061 1295 1112 umen

160 1149 217 1202 148.
229 1141 329 1218 ipsum
349 1138 500 1216 ingenium
517 1137 660 1216 diligentia
680 1137 765 1198 etiam
786 1139 831 1212 [ex
845 1137 984 1214 tarditate]
1000 1138 1116 1199 incitat:
1143 1137 1295 1217 diligentia,

230 1226 369 1302 inquam,
397 1241 470 1300 quae
499 1239 568 1282 ovim
598 1222 737 1282 omnihus
764 1223 796 1282 in
825 1222 914 1283 rehus
938 1231 999 1284 tum
1021 1223 1052 1282 in
1075 1225 1171 1284 causis
1194 1223 1294 1282 defen-

231 1309 335 1370 dendis
367 1308 528 1387 plurimum
561 1308 643 1369 valet.
698 1308 776 1367 Haec
807 1309 962 1387 praecipue
992 1308 1114 1368 colenda
1138 1319 1181 1369 est
1203 1309 1295 1378 nohis,

231 1396 303 1454 haec
322 1411 438 1471 semper
459 1392 637 1466 adhihenda,
667 1393 739 1452 haec
761 1392 834 1453 nihil
856 1403 898 1453 est
922 1394 1001 1472 quod
1024 1411 1086 1453 non
1110 1395 1294 1472 adsequatur.

231 1479 324 1539 Causa
347 1487 379 1539 ut
399 1479 524 1556 penitus,
547 1477 626 1557 quod
647 1478 729 1539 initio
752 1477 821 1551 dixi,
847 1489 916 1539 uota
937 1480 982 1552 sit,
1012 1479 1160 1558 diligentia
1180 1489 1239 1554 est,
1268 1488 1296 1538 nt

232 1564 432 1624 adversarium
459 1571 565 1624 attente
591 1563 743 1624 audiamus
775 1572 862 1640 atque
885 1572 917 1623 ut
938 1563 1000 1624 eius
1023 1581 1085 1624 non
1108 1566 1205 1626 solum
1228 1583 1295 1626 sen·

231 1649 351 1722 tentiae,
385 1650 435 1709 sed
466 1650 552 1710 etiam
582 1649 670 1710 verba
696 1649 794 1709 omnia
816 1649 1012 1727 excipiamur,
1044 1650 1141 1711 voltus
1172 1651 1297 1728 denique

232 1735 443 1815 perspiciamus
465 1736 571 1808 omnis,
593 1735 644 1813 qui
666 1753 771 1795 sensus
793 1735 882 1795 animi
901 1735 1076 1812 plerumque
1090 1735 1229 1810 indicant,
1253 1737 1297 1794 di-

164 1833 220 1884 tta.
232 1821 349 1901 ligantia
363 1829 407 1881 est
415 1839 464 1880 :-
481 1821 511 1880 id
527 1829 621 1881 tamen
637 1820 851 1881 dissimulanter
865 1822 969 1892 facere,
991 1838 1029 1880 ne
1051 1820 1108 1880 sibi
1127 1821 1175 1881 ille
1190 1821 1295 1898 ahquid

233 1907 376 1986 prolicere
399 1906 546 1978 videatur,
579 1906 733 1984 prudentia
755 1913 798 1964 est
822 1925 877 1977 -3
914 1905 1018 1965 deinde
1048 1914 1080 1966 ut
1109 1906 1140 1965 in
1161 1905 1196 1966 iis
1216 1906 1299 1978 locis,

235 2011 310 2070 quos
337 2009 503 2071 proponam
525 1991 612 2069 paulo
641 1999 716 2069 post,
751 1990 938 2068 pervolvatur
962 1991 1093 2063 animus,
1124 2000 1157 2051 ut
1182 1993 1299 2070 penitus

233 2078 363 2138 insinuet
383 2078 414 2136 in
431 2094 557 2149 causam,
589 2083 622 2136 ut
653 2077 690 2136 sit
712 2094 783 2135 cura
805 2083 834 2136 et
855 2075 1027 2153 cogitatione
1057 2077 1200 2149 intentus,
1235 2077 1300 2138 dili-

236 2163 331 2242 gentia
353 2171 412 2233 est3
433 2170 465 2221 ut
486 2161 532 2221 his
555 2160 643 2221 rebus
665 2159 800 2220 adhibeat
812 2170 962 2238 umquam
983 2161 1084 2222 lumen
1102 2161 1219 2240 aliquod
1237 2181 1300 2222 me-

165 2260 222 2311 150.
236 2247 370 2319 moriam,
403 2255 435 2305 ut
456 2263 568 2318 vocem,
599 2253 633 2306 ut
655 2245 733 2318 viris,
767 2245 912 2324 dihgenlia
935 2254 985 2309 est.
1040 2247 1130 2320 luter,
1148 2248 1300 2326 ingenium

309 2451 363 2501 147.
400 2451 540 2512 cogitatione
563 2451 690 2512 saepserir,
715 2450 739 2502 d.
758 2449 784 2499 h.
807 2463 879 2498 wenn
897 2463 954 2498 man
977 2447 1031 2498 sich
1049 2449 1089 2500 die
1108 2449 1220 2501 Grenzon
1241 2468 1305 2515 ganz

238 2516 363 2568 bestimmt
381 2516 466 2567 dauht.
875 2575 877 2580 Ι

301 2587 465 2648 percalluerat,
488 2586 538 2650 vgl.
559 2602 580 2651 p.
598 2585 651 2636 Mil.
671 2587 712 2648 28,
732 2588 778 2638 Ἰθι
802 2589 845 2637 aad
863 2589 940 2637 acacio
966 2603 1012 2650 qao
1037 2591 1105 2638 moda
1129 2592 1177 2638 cam
1193 2606 1241 2640 aaa
1262 2594 1305 2640 od·

236 2656 354 2705 duruerat
369 2663 391 2704 et
404 2659 563 2715 percalluerat
580 2658 681 2706 deitatis
696 2659 843 2706 incredibiles
856 2659 982 2718 patentia.

307 2725 407 2774 accim:
424 2723 450 2772 in
468 2724 508 2773 die
526 2723 611 2774 Hindo
629 2722 715 2787 fullon,
733 2724 782 2774 wie
798 2725 842 2774 das
859 2724 1007 2788 eingehegte
1026 2723 1106 2774 Wild.

309 2788 361 2848 35.
398 2796 455 2857 tria,
475 2793 527 2857 vgl.
545 2810 567 2844 z.
588 2797 628 2856 57,
647 2795 705 2845 232.

302 2865 406 2924 primas,
424 2862 475 2925 vgl.
493 2861 535 2914 ΙΙΙ,
557 2866 597 2925 56,
617 2863 680 2914 213:
703 2865 771 2912 Hac'c
789 2859 897 2925 (acta‘oaa')
913 2864 1008 2924 primae
1028 2864 1119 2912 &daea
1137 2865 1307 2916 Damascena

239 2932 342 2992 diadar,
358 2947 411 2980 cum
431 2941 556 2996 rogaretur
573 2936 634 2996 qua'd
650 2935 676 2981 c'a
695 2934 792 2983 dicendo
811 2941 869 2982 aaa
881 2933 1007 2992 primam
1023 2933 1080 2980 aaa
1096 2935 1227 2996 emundas,
1252 2937 1308 2985 aava

238 3002 328 3048 tertiae.

308 3083 337 3115 cac
354 3071 473 3130 tardatatc,
492 3084 512 3118 s.
530 3068 553 3117 d.
574 3068 633 3118 krit.
652 3068 715 3117 Anh.

241 3201 258 3254 f
311 3136 556 3252 148.lcacc'pa'aaaaa,
583 3136 630 3185 wie
652 3138 697 3187 der
714 3136 791 3200 liger
814 3135 858 3185 das
876 3135 948 3187 Wild
972 3133 1017 3186 aul
1034 3135 1089 3186 dem
1105 3137 1234 3188 Anstando
1264 3139 1311 3188 ah-

253 3204 321 3267 dngt‚
341 3217 391 3266 vg.
412 3205 437 3265 8,
457 3207 498 3256 32.

312 3272 368 3324 149.
399 3277 525 3334 proficere,
548 3272 608 3321 weil
631 3287 659 3322 er
682 3287 725 3321 aus
752 3272 821 3323 einer
838 3273 995 3338 iingstliohen
1012 3271 1243 3324 hulmerksamkoit
1264 3277 1308 3326 des

242 3339 353 3404 Gegners
379 3339 457 3389 leioht
482 3341 527 3390 don
548 3339 650 3391 Sohluss
676 3340 763 3391 ziehen
790 3342 870 3405 kann,
899 3341 956 3393 dass
983 3341 1064 3392 dieser
1091 3341 1145 3392 sich
1171 3339 1311 3406 golhhrdet

241 3410 337 3475 glauht,
356 3410 407 3459 und
420 3409 497 3458 daher
510 3424 564 3458 zum
576 3408 711 3460 Nachtheil
724 3411 854 3461 desselben
868 3427 908 3460 um
923 3427 952 3461 so
961 3410 1185 3461 zuversichtlicher
1199 3410 1313 3466 austritt.

308 3481 461 3540 paulopost:
482 3479 522 3540 39,
544 3479 591 3528 162
612 3479 637 3529 ff.

306 3552 478 3610 pervolvatur:
502 3547 559 3596 dass
583 3562 611 3596 er
635 3547 685 3597 alle
708 3551 753 3598 loca'
769 3547 865 3598 schnell
883 3547 1033 3612 durchgohe.
1068 3547 1102 3604 Es
1120 3547 1155 3598 ist
1171 3550 1195 3598 iu
1214 3549 1313 3602 diesem

242 3631 339 3682 ganaen
363 3614 465 3681 llapitel
488 3614 556 3665 nicht
579 3633 626 3666 nur
643 3631 693 3666 von
714 3617 760 3666 der
777 3616 832 3666 dem
850 3614 953 3666 Prozoss
973 3618 1180 3682 voraugehendon
1198 3615 1314 3685 Th'aitig-

243 3686 298 3736 keit
316 3685 486 3747 desRedners,
504 3684 609 3734 sondern
626 3685 688 3735 auch
707 3701 756 3734 von
769 3683 912 3748 dorjenigen
925 3685 964 3736 die
980 3686 1056 3750 Rode,
1075 3686 1172 3738 welche
1190 3701 1218 3736 er
1237 3691 1314 3739 vvhh·

244 3755 305 3804 rend
324 3756 369 3805 dor
387 3752 424 3804 oft
441 3754 553 3804 mehrere
571 3751 640 3818 Tage
658 3753 799 3804 dauernden
814 3753 1025 3820 Vorhandlungen
1042 3771 1073 3805 zu
1087 3753 1209 3805 entlalton
1231 3757 1314 3810 hatte.

313 3827 425 3887 insinuet,
445 3823 552 3873 intrans.
571 3822 619 3872 wie
638 3822 655 3873 Ι.
674 3825 716 3886 20,
736 3825 777 3876 90.

313 3896 407 3944 lumea:
430 3892 490 3943 weil
517 3907 574 3942 man
602 3908 648 3941 nur
671 3891 778 3942 mittelst
796 3891 863 3942 eines
881 3897 959 3955 guteu
979 3890 1174 3944 Godiiohtnisses
1198 3891 1241 3943 die
1262 3895 1318 3946 ein-

244 3957 332 4009 zelnen
350 3960 448 4012 Punkto
465 3961 524 4012 klar
536 3960 586 4012 und
604 3959 713 4010 deutlich
734 3959 851 4012 behalten
871 3960 945 4016 kann.
