<?xml version="1.0" encoding="UTF-8"?>
<!DOCTYPE html PUBLIC "-//W3C//DTD XHTML 1.0 Transitional//EN"
    "http://www.w3.org/TR/xhtml1/DTD/xhtml1-transitional.dtd">
<html xmlns="http://www.w3.org/1999/xhtml" xml:lang="en" lang="en">
 <head>
  <title>
</title>
<meta http-equiv="Content-Type" content="text/html;charset=utf-8" />
  <meta name='ocr-system' content='tesseract 3.04.00' />
  <meta name='ocr-capabilities' content='ocr_page ocr_carea ocr_par ocr_line ocrx_word'/>
</head>
<body>
  <div class='ocr_page' id='page_1' title='image "./mtulliiciceroni79cicegoog/mtulliiciceroni79cicegoog_0196.png"; bbox 0 0 2814 4526; ppageno 0'>
   <div class='ocr_carea' id='block_1_1' title="bbox 301 337 1201 408">
    <p class='ocr_par' dir='ltr' id='par_1_1' title="bbox 301 337 1201 408">
     <span class='ocr_line' id='line_1_1' title="bbox 301 337 1201 408; baseline 0.013 -18"><span class='ocrx_word' id='word_1_1' title='bbox 301 339 345 390; x_wconf 83' lang='lat' dir='ltr'>ou</span> <span class='ocrx_word' id='word_1_2' title='bbox 365 337 529 400; x_wconf 80' lang='lat' dir='ltr'>ommno,</span> <span class='ocrx_word' id='word_1_3' title='bbox 545 339 589 390; x_wconf 80' lang='lat' dir='ltr'>ut.</span> <span class='ocrx_word' id='word_1_4' title='bbox 608 339 626 390; x_wconf 86' lang='lat' dir='ltr'>t.</span> <span class='ocrx_word' id='word_1_5' title='bbox 645 355 698 406; x_wconf 69' lang='lat' dir='ltr'>etp.</span> <span class='ocrx_word' id='word_1_6' title='bbox 720 343 760 394; x_wconf 88' lang='lat' dir='ltr'>co.</span> <span class='ocrx_word' id='word_1_7' title='bbox 780 337 803 408; x_wconf 69' lang='lat' dir='ltr'>s.</span> <span class='ocrx_word' id='word_1_8' title='bbox 825 340 884 392; x_wconf 78' lang='lat' dir='ltr'>aaa.</span> <span class='ocrx_word' id='word_1_9' title='bbox 903 343 963 394; x_wconf 78' lang='lat' dir='ltr'>aaa.</span> <span class='ocrx_word' id='word_1_10' title='bbox 1141 338 1201 404; x_wconf 87' lang='lat'>141</span> 
     </span>
    </p>
   </div>
   <div class='ocr_carea' id='block_1_2' title="bbox 121 492 1314 2365">
    <p class='ocr_par' dir='ltr' id='par_1_2' title="bbox 121 492 1314 1840">
     <span class='ocr_line' id='line_1_2' title="bbox 122 492 1314 574; baseline -0.003 -14"><span class='ocrx_word' id='word_1_11' title='bbox 122 498 176 560; x_wconf 89' lang='lat' dir='ltr'>sed</span> <span class='ocrx_word' id='word_1_12' title='bbox 211 505 290 558; x_wconf 91' lang='lat' dir='ltr'>totos</span> <span class='ocrx_word' id='word_1_13' title='bbox 324 505 437 558; x_wconf 88' lang='lat' dir='ltr'>mutare</span> <span class='ocrx_word' id='word_1_14' title='bbox 467 492 652 572; x_wconf 80' lang='lat' dir='ltr'>possumus?</span> <span class='ocrx_word' id='word_1_15' title='bbox 686 496 788 574; x_wconf 84' lang='lat' dir='ltr'><strong>Neque</strong></span> <span class='ocrx_word' id='word_1_16' title='bbox 823 495 901 555; x_wconf 89' lang='lat' dir='ltr'>enim</span> <span class='ocrx_word' id='word_1_17' title='bbox 936 495 993 555; x_wconf 90' lang='lat' dir='ltr'>hoo</span> <span class='ocrx_word' id='word_1_18' title='bbox 1019 502 1057 569; x_wconf 90' lang='lat' dir='ltr'>te,</span> <span class='ocrx_word' id='word_1_19' title='bbox 1089 495 1274 567; x_wconf 68' lang='lat' dir='ltr'>Crassetat.</span> <span class='ocrx_word' id='word_1_20' title='bbox 1310 549 1314 557; x_wconf 94' lang='lat'>.</span> 
     </span>
     <span class='ocr_line' id='line_1_3' title="bbox 121 579 1203 660; baseline -0.003 -16"><span class='ocrx_word' id='word_1_21' title='bbox 121 584 206 656; x_wconf 82' lang='lat' dir='ltr'>fallit,</span> <span class='ocrx_word' id='word_1_22' title='bbox 230 600 320 660; x_wconf 90' lang='lat' dir='ltr'>quam</span> <span class='ocrx_word' id='word_1_23' title='bbox 346 581 434 642; x_wconf 89' lang='lat' dir='ltr'>multa</span> <span class='ocrx_word' id='word_1_24' title='bbox 454 581 514 641; x_wconf 91' lang='lat' dir='ltr'>sint</span> <span class='ocrx_word' id='word_1_25' title='bbox 535 589 564 640; x_wconf 86' lang='lat' dir='ltr'>et</span> <span class='ocrx_word' id='word_1_26' title='bbox 585 597 674 660; x_wconf 89' lang='lat' dir='ltr'>quam</span> <span class='ocrx_word' id='word_1_27' title='bbox 696 581 774 642; x_wconf 86' lang='lat' dir='ltr'>varia</span> <span class='ocrx_word' id='word_1_28' title='bbox 798 599 904 660; x_wconf 86' lang='lat' dir='ltr'>genera</span> <span class='ocrx_word' id='word_1_29' title='bbox 926 579 1051 653; x_wconf 87' lang='lat' dir='ltr'>dicendi,</span> <span class='ocrx_word' id='word_1_30' title='bbox 1077 579 1107 640; x_wconf 92' lang='lat' dir='ltr'>id</span> <span class='ocrx_word' id='word_1_31' title='bbox 1122 581 1203 659; x_wconf 91' lang='lat' dir='ltr'>quod</span> 
     </span>
     <span class='ocr_line' id='line_1_4' title="bbox 121 665 1202 749; baseline -0.003 -20"><span class='ocrx_word' id='word_1_32' title='bbox 121 669 205 730; x_wconf 92' lang='lat' dir='ltr'>haud</span> <span class='ocrx_word' id='word_1_33' title='bbox 228 667 319 728; x_wconf 90' lang='lat' dir='ltr'>sciam</span> <span class='ocrx_word' id='word_1_34' title='bbox 348 685 387 726; x_wconf 90' lang='lat' dir='ltr'>an</span> <span class='ocrx_word' id='word_1_35' title='bbox 410 676 440 727; x_wconf 88' lang='lat' dir='ltr'>tu</span> <span class='ocrx_word' id='word_1_36' title='bbox 462 665 577 744; x_wconf 91' lang='lat' dir='ltr'>primns</span> <span class='ocrx_word' id='word_1_37' title='bbox 593 666 766 742; x_wconf 92' lang='lat' dir='ltr'>ostenderis,</span> <span class='ocrx_word' id='word_1_38' title='bbox 790 666 843 745; x_wconf 93' lang='lat' dir='ltr'>qui</span> <span class='ocrx_word' id='word_1_39' title='bbox 863 666 920 726; x_wconf 89' lang='lat' dir='ltr'>iam</span> <span class='ocrx_word' id='word_1_40' title='bbox 941 665 990 728; x_wconf 92' lang='lat' dir='ltr'>diu</span> <span class='ocrx_word' id='word_1_41' title='bbox 1015 665 1107 728; x_wconf 91' lang='lat' dir='ltr'>multo</span> <span class='ocrx_word' id='word_1_42' title='bbox 1130 665 1202 749; x_wconf 82' lang='lat' dir='ltr'>dicis</span> 
     </span>
     <span class='ocr_line' id='line_1_5' title="bbox 124 750 1200 829; baseline -0.003 -14"><span class='ocrx_word' id='word_1_43' title='bbox 124 753 281 815; x_wconf 90' lang='lat' dir='ltr'>remissius</span> <span class='ocrx_word' id='word_1_44' title='bbox 304 760 332 813; x_wconf 91' lang='lat' dir='ltr'>et</span> <span class='ocrx_word' id='word_1_45' title='bbox 353 751 458 824; x_wconf 89' lang='lat' dir='ltr'>lenius,</span> <span class='ocrx_word' id='word_1_46' title='bbox 481 769 570 828; x_wconf 92' lang='lat' dir='ltr'>qnam</span> <span class='ocrx_word' id='word_1_47' title='bbox 594 750 725 824; x_wconf 84' lang='lat' dir='ltr'>solebas3</span> <span class='ocrx_word' id='word_1_48' title='bbox 760 769 858 829; x_wconf 89' lang='lat' dir='ltr'>neque</span> <span class='ocrx_word' id='word_1_49' title='bbox 888 751 987 812; x_wconf 89' lang='lat' dir='ltr'>minus</span> <span class='ocrx_word' id='word_1_50' title='bbox 1009 751 1081 812; x_wconf 87' lang='lat' dir='ltr'>haec</span> <span class='ocrx_word' id='word_1_51' title='bbox 1103 759 1200 812; x_wconf 72' lang='lat' dir='ltr'>nmen</span> 
     </span>
     <span class='ocr_line' id='line_1_6' title="bbox 122 836 1200 918; baseline -0.005 -17"><span class='ocrx_word' id='word_1_52' title='bbox 122 850 175 902; x_wconf 91' lang='lat' dir='ltr'>tua</span> <span class='ocrx_word' id='word_1_53' title='bbox 198 837 363 918; x_wconf 82' lang='lat' dir='ltr'>gravissimi</span> <span class='ocrx_word' id='word_1_54' title='bbox 385 838 531 898; x_wconf 86' lang='lat' dir='ltr'>sermonis</span> <span class='ocrx_word' id='word_1_55' title='bbox 551 836 670 909; x_wconf 87' lang='lat' dir='ltr'>lenitas,</span> <span class='ocrx_word' id='word_1_56' title='bbox 693 854 782 916; x_wconf 91' lang='lat' dir='ltr'>quam</span> <span class='ocrx_word' id='word_1_57' title='bbox 804 836 851 897; x_wconf 89' lang='lat' dir='ltr'>illa</span> <span class='ocrx_word' id='word_1_58' title='bbox 874 855 989 898; x_wconf 90' lang='lat' dir='ltr'>summa</span> <span class='ocrx_word' id='word_1_59' title='bbox 1009 837 1053 897; x_wconf 85' lang='lat' dir='ltr'>vis</span> <span class='ocrx_word' id='word_1_60' title='bbox 1076 845 1105 897; x_wconf 90' lang='lat' dir='ltr'>et</span> <span class='ocrx_word' id='word_1_61' title='bbox 1127 856 1200 896; x_wconf 93' lang='lat' dir='ltr'>con-</span> 
     </span>
     <span class='ocr_line' id='line_1_7' title="bbox 122 922 1200 1002; baseline -0.004 -16"><span class='ocrx_word' id='word_1_62' title='bbox 122 924 217 986; x_wconf 89' lang='lat' dir='ltr'>tentio</span> <span class='ocrx_word' id='word_1_63' title='bbox 241 922 401 1002; x_wconf 80' lang='lat' dir='ltr'>probatur3</span> <span class='ocrx_word' id='word_1_64' title='bbox 425 922 568 1001; x_wconf 89' lang='lat' dir='ltr'>multique</span> <span class='ocrx_word' id='word_1_65' title='bbox 588 929 718 982; x_wconf 89' lang='lat' dir='ltr'>oratores</span> <span class='ocrx_word' id='word_1_66' title='bbox 734 924 865 998; x_wconf 81' lang='lat' dir='ltr'>inerunt,</span> <span class='ocrx_word' id='word_1_67' title='bbox 888 933 921 983; x_wconf 91' lang='lat' dir='ltr'>ut</span> <span class='ocrx_word' id='word_1_68' title='bbox 934 922 1018 981; x_wconf 90' lang='lat' dir='ltr'>illum</span> <span class='ocrx_word' id='word_1_69' title='bbox 1033 922 1200 1002; x_wconf 79' lang='lat' dir='ltr'>Scipionem</span> 
     </span>
     <span class='ocr_line' id='line_1_8' title="bbox 122 1006 1200 1088; baseline -0.004 -17"><span class='ocrx_word' id='word_1_70' title='bbox 122 1010 263 1074; x_wconf 86' lang='lat' dir='ltr'>audimus</span> <span class='ocrx_word' id='word_1_71' title='bbox 295 1017 323 1068; x_wconf 91' lang='lat' dir='ltr'>et</span> <span class='ocrx_word' id='word_1_72' title='bbox 350 1007 498 1084; x_wconf 87' lang='lat' dir='ltr'>Laelium,</span> <span class='ocrx_word' id='word_1_73' title='bbox 533 1006 584 1084; x_wconf 91' lang='lat' dir='ltr'>qui</span> <span class='ocrx_word' id='word_1_74' title='bbox 611 1008 710 1068; x_wconf 91' lang='lat' dir='ltr'>omnia</span> <span class='ocrx_word' id='word_1_75' title='bbox 737 1024 875 1068; x_wconf 80' lang='lat' dir='ltr'><strong>sermone</strong></span> <span class='ocrx_word' id='word_1_76' title='bbox 901 1008 1082 1068; x_wconf 85' lang='lat' dir='ltr'>conficerent</span> <span class='ocrx_word' id='word_1_77' title='bbox 1113 1009 1200 1088; x_wconf 87' lang='lat' dir='ltr'>paulo</span> 
     </span>
     <span class='ocr_line' id='line_1_9' title="bbox 123 1092 1201 1173; baseline -0.004 -16"><span class='ocrx_word' id='word_1_78' title='bbox 123 1095 302 1166; x_wconf 76' lang='lat' dir='ltr'>intentiore,</span> <span class='ocrx_word' id='word_1_79' title='bbox 335 1111 514 1173; x_wconf 85' lang='lat' dir='ltr'>numquam,</span> <span class='ocrx_word' id='word_1_80' title='bbox 545 1100 578 1152; x_wconf 94' lang='lat' dir='ltr'>ut</span> <span class='ocrx_word' id='word_1_81' title='bbox 599 1092 661 1152; x_wconf 87' lang='lat' dir='ltr'>Ser.</span> <span class='ocrx_word' id='word_1_82' title='bbox 691 1092 797 1166; x_wconf 82' lang='lat' dir='ltr'><strong>Galba,</strong></span> <span class='ocrx_word' id='word_1_83' title='bbox 826 1093 964 1153; x_wconf 90' lang='lat' dir='ltr'>lateribus</span> <span class='ocrx_word' id='word_1_84' title='bbox 992 1103 1042 1154; x_wconf 90' lang='lat' dir='ltr'>ant</span> <span class='ocrx_word' id='word_1_85' title='bbox 1073 1093 1201 1154; x_wconf 87' lang='lat' dir='ltr'>clamore</span> 
     </span>
     <span class='ocr_line' id='line_1_10' title="bbox 124 1177 1199 1257; baseline -0.002 -15"><span class='ocrx_word' id='word_1_86' title='bbox 124 1179 349 1242; x_wconf 88' lang='lat' dir='ltr'>contenderent</span> <span class='ocrx_word' id='word_1_87' title='bbox 387 1177 474 1252; x_wconf 87' lang='lat' dir='ltr'>Quod</span> <span class='ocrx_word' id='word_1_88' title='bbox 499 1179 523 1238; x_wconf 90' lang='lat' dir='ltr'>si</span> <span class='ocrx_word' id='word_1_89' title='bbox 546 1177 604 1237; x_wconf 86' lang='lat' dir='ltr'>iarn</span> <span class='ocrx_word' id='word_1_90' title='bbox 627 1179 684 1238; x_wconf 87' lang='lat' dir='ltr'>hoc</span> <span class='ocrx_word' id='word_1_91' title='bbox 704 1181 801 1239; x_wconf 85' lang='lat' dir='ltr'>iacere</span> <span class='ocrx_word' id='word_1_92' title='bbox 819 1195 882 1238; x_wconf 91' lang='lat' dir='ltr'>nou</span> <span class='ocrx_word' id='word_1_93' title='bbox 904 1179 1014 1257; x_wconf 90' lang='lat' dir='ltr'>poteris</span> <span class='ocrx_word' id='word_1_94' title='bbox 1036 1187 1087 1239; x_wconf 92' lang='lat' dir='ltr'>aut</span> <span class='ocrx_word' id='word_1_95' title='bbox 1107 1179 1199 1250; x_wconf 89' lang='lat' dir='ltr'>noles,</span> 
     </span>
     <span class='ocr_line' id='line_1_11' title="bbox 125 1263 1199 1343; baseline -0.003 -17"><span class='ocrx_word' id='word_1_96' title='bbox 125 1265 240 1326; x_wconf 85' lang='lat' dir='ltr'>vereris</span> <span class='ocrx_word' id='word_1_97' title='bbox 266 1282 305 1325; x_wconf 89' lang='lat' dir='ltr'>ne</span> <span class='ocrx_word' id='word_1_98' title='bbox 333 1273 383 1325; x_wconf 90' lang='lat' dir='ltr'>tua</span> <span class='ocrx_word' id='word_1_99' title='bbox 405 1263 513 1324; x_wconf 88' lang='lat' dir='ltr'>domus</span> <span class='ocrx_word' id='word_1_100' title='bbox 532 1263 596 1323; x_wconf 89' lang='lat' dir='ltr'>talis</span> <span class='ocrx_word' id='word_1_101' title='bbox 618 1272 647 1323; x_wconf 90' lang='lat' dir='ltr'>et</span> <span class='ocrx_word' id='word_1_102' title='bbox 665 1263 720 1325; x_wconf 88' lang='lat' dir='ltr'>viri</span> <span class='ocrx_word' id='word_1_103' title='bbox 741 1274 770 1324; x_wconf 89' lang='lat' dir='ltr'>et</span> <span class='ocrx_word' id='word_1_104' title='bbox 790 1263 878 1334; x_wconf 90' lang='lat' dir='ltr'>civis,</span> <span class='ocrx_word' id='word_1_105' title='bbox 908 1264 932 1324; x_wconf 92' lang='lat' dir='ltr'>si</span> <span class='ocrx_word' id='word_1_106' title='bbox 951 1283 967 1324; x_wconf 93' lang='lat' dir='ltr'>a</span> <span class='ocrx_word' id='word_1_107' title='bbox 988 1263 1120 1343; x_wconf 78' lang='lat' dir='ltr'>litigiosis</span> <span class='ocrx_word' id='word_1_108' title='bbox 1144 1265 1199 1324; x_wconf 93' lang='lat' dir='ltr'>ho-</span> 
     </span>
     <span class='ocr_line' id='line_1_12' title="bbox 124 1346 1199 1427; baseline -0.003 -14"><span class='ocrx_word' id='word_1_109' title='bbox 124 1351 258 1414; x_wconf 91' lang='lat' dir='ltr'>minibus</span> <span class='ocrx_word' id='word_1_110' title='bbox 289 1368 350 1410; x_wconf 92' lang='lat' dir='ltr'>non</span> <span class='ocrx_word' id='word_1_111' title='bbox 373 1350 500 1421; x_wconf 91' lang='lat' dir='ltr'>oolatur,</span> <span class='ocrx_word' id='word_1_112' title='bbox 530 1367 546 1408; x_wconf 92' lang='lat' dir='ltr'>a</span> <span class='ocrx_word' id='word_1_113' title='bbox 575 1349 678 1408; x_wconf 88' lang='lat' dir='ltr'>ceteris</span> <span class='ocrx_word' id='word_1_114' title='bbox 708 1346 883 1410; x_wconf 74' lang='lat' dir='ltr'>deseratur?</span> <span class='ocrx_word' id='word_1_115' title='bbox 910 1349 1057 1427; x_wconf 87' lang='lat' dir='ltr'>Equidem</span> <span class='ocrx_word' id='word_1_116' title='bbox 1086 1357 1199 1410; x_wconf 80' lang='lat' dir='ltr'>tantum</span> 
     </span>
     <span class='ocr_line' id='line_1_13' title="bbox 123 1433 1201 1509; baseline -0.002 -11"><span class='ocrx_word' id='word_1_117' title='bbox 123 1437 232 1498; x_wconf 89' lang='lat' dir='ltr'>absum</span> <span class='ocrx_word' id='word_1_118' title='bbox 256 1433 292 1495; x_wconf 86' lang='lat' dir='ltr'>ab</span> <span class='ocrx_word' id='word_1_119' title='bbox 314 1435 368 1496; x_wconf 89' lang='lat' dir='ltr'>ista</span> <span class='ocrx_word' id='word_1_120' title='bbox 384 1434 541 1509; x_wconf 89' lang='lat' dir='ltr'>sententia,</span> <span class='ocrx_word' id='word_1_121' title='bbox 563 1441 675 1493; x_wconf 90' lang='lat' dir='ltr'>utnon</span> <span class='ocrx_word' id='word_1_122' title='bbox 697 1434 786 1496; x_wconf 91' lang='lat' dir='ltr'>modo</span> <span class='ocrx_word' id='word_1_123' title='bbox 811 1452 872 1495; x_wconf 89' lang='lat' dir='ltr'>non</span> <span class='ocrx_word' id='word_1_124' title='bbox 890 1433 1014 1496; x_wconf 88' lang='lat' dir='ltr'>arbitrer</span> <span class='ocrx_word' id='word_1_125' title='bbox 1035 1433 1201 1496; x_wconf 84' lang='lat' dir='ltr'>subsidium</span> 
     </span>
     <span class='ocr_line' id='line_1_14' title="bbox 124 1517 1201 1596; baseline -0.002 -12"><span class='ocrx_word' id='word_1_126' title='bbox 124 1521 288 1584; x_wconf 79' lang='lat' dir='ltr'>senectutis</span> <span class='ocrx_word' id='word_1_127' title='bbox 310 1521 341 1580; x_wconf 91' lang='lat' dir='ltr'>in</span> <span class='ocrx_word' id='word_1_128' title='bbox 364 1537 484 1591; x_wconf 85' lang='lat' dir='ltr'>eorum,</span> <span class='ocrx_word' id='word_1_129' title='bbox 518 1517 569 1596; x_wconf 92' lang='lat' dir='ltr'>qui</span> <span class='ocrx_word' id='word_1_130' title='bbox 591 1519 757 1580; x_wconf 87' lang='lat' dir='ltr'>consultum</span> <span class='ocrx_word' id='word_1_131' title='bbox 781 1520 906 1592; x_wconf 86' lang='lat' dir='ltr'>veniant,</span> <span class='ocrx_word' id='word_1_132' title='bbox 929 1520 1114 1581; x_wconf 89' lang='lat' dir='ltr'>multitudine</span> <span class='ocrx_word' id='word_1_133' title='bbox 1136 1539 1201 1582; x_wconf 90' lang='lat' dir='ltr'>esse</span> 
     </span>
     <span class='ocr_line' id='line_1_15' title="bbox 125 1604 1201 1688; baseline -0.001 -19"><span class='ocrx_word' id='word_1_134' title='bbox 125 1606 321 1688; x_wconf 89' lang='lat' dir='ltr'>ponendum,</span> <span class='ocrx_word' id='word_1_135' title='bbox 349 1604 400 1664; x_wconf 89' lang='lat' dir='ltr'>sed</span> <span class='ocrx_word' id='word_1_136' title='bbox 429 1613 579 1684; x_wconf 84' lang='lat' dir='ltr'>tamquam</span> <span class='ocrx_word' id='word_1_137' title='bbox 610 1613 729 1682; x_wconf 90' lang='lat' dir='ltr'>portum</span> <span class='ocrx_word' id='word_1_138' title='bbox 758 1605 884 1683; x_wconf 86' lang='lat' dir='ltr'>aliquem</span> <span class='ocrx_word' id='word_1_139' title='bbox 911 1616 1078 1684; x_wconf 84' lang='lat' dir='ltr'>exspectem</span> <span class='ocrx_word' id='word_1_140' title='bbox 1107 1607 1201 1680; x_wconf 92' lang='lat' dir='ltr'>istam,</span> 
     </span>
     <span class='ocr_line' id='line_1_16' title="bbox 126 1689 1201 1772; baseline 0.001 -19"><span class='ocrx_word' id='word_1_141' title='bbox 126 1711 219 1772; x_wconf 90' lang='lat' dir='ltr'>quam</span> <span class='ocrx_word' id='word_1_142' title='bbox 251 1700 285 1751; x_wconf 92' lang='lat' dir='ltr'>tu</span> <span class='ocrx_word' id='word_1_143' title='bbox 316 1690 417 1763; x_wconf 89' lang='lat' dir='ltr'>times,</span> <span class='ocrx_word' id='word_1_144' title='bbox 448 1689 645 1750; x_wconf 88' lang='lat' dir='ltr'>solitudinem.</span> <span class='ocrx_word' id='word_1_145' title='bbox 695 1689 864 1752; x_wconf 91' lang='lat' dir='ltr'>Subsidium</span> <span class='ocrx_word' id='word_1_146' title='bbox 899 1691 979 1751; x_wconf 89' lang='lat' dir='ltr'>enim</span> <span class='ocrx_word' id='word_1_147' title='bbox 1008 1690 1201 1754; x_wconf 86' lang='lat' dir='ltr'>bellissimum</span> 
     </span>
     <span class='ocr_line' id='line_1_17' title="bbox 125 1775 639 1840; baseline -0.014 1"><span class='ocrx_word' id='word_1_148' title='bbox 125 1778 267 1840; x_wconf 85' lang='lat' dir='ltr'>existimo</span> <span class='ocrx_word' id='word_1_149' title='bbox 290 1794 353 1837; x_wconf 86' lang='lat' dir='ltr'>esse</span> <span class='ocrx_word' id='word_1_150' title='bbox 375 1775 518 1836; x_wconf 87' lang='lat' dir='ltr'>senectuti</span> <span class='ocrx_word' id='word_1_151' title='bbox 536 1775 639 1835; x_wconf 89' lang='lat' dir='ltr'>otium.</span> 
     </span>
    </p>

    <p class='ocr_par' dir='ltr' id='par_1_3' title="bbox 124 1859 1275 2365">
     <span class='ocr_line' id='line_1_18' title="bbox 215 1859 1275 1940; baseline -0.001 -17"><span class='ocrx_word' id='word_1_152' title='bbox 215 1861 339 1939; x_wconf 88' lang='lat' dir='ltr'>Reliqua</span> <span class='ocrx_word' id='word_1_153' title='bbox 361 1879 431 1921; x_wconf 83' lang='lat' dir='ltr'>vero</span> <span class='ocrx_word' id='word_1_154' title='bbox 455 1859 567 1920; x_wconf 89' lang='lat' dir='ltr'>etiamsi</span> <span class='ocrx_word' id='word_1_155' title='bbox 588 1859 734 1929; x_wconf 86' lang='lat' dir='ltr'>adiuvant,</span> <span class='ocrx_word' id='word_1_156' title='bbox 756 1859 906 1920; x_wconf 83' lang='lat' dir='ltr'>historiam</span> <span class='ocrx_word' id='word_1_157' title='bbox 929 1859 994 1920; x_wconf 91' lang='lat' dir='ltr'>dico</span> <span class='ocrx_word' id='word_1_158' title='bbox 1017 1868 1045 1920; x_wconf 89' lang='lat' dir='ltr'>et</span> <span class='ocrx_word' id='word_1_159' title='bbox 1066 1862 1201 1940; x_wconf 92' lang='lat' dir='ltr'>pruden-</span> <span class='ocrx_word' id='word_1_160' title='bbox 1215 1862 1275 1913; x_wconf 81' lang='grc'><strong>256-</strong></span> 
     </span>
     <span class='ocr_line' id='line_1_19' title="bbox 124 1945 1201 2026; baseline -0.003 -15"><span class='ocrx_word' id='word_1_161' title='bbox 124 1949 198 2011; x_wconf 90' lang='lat' dir='ltr'>tiam</span> <span class='ocrx_word' id='word_1_162' title='bbox 228 1947 302 2008; x_wconf 92' lang='lat' dir='ltr'>iuris</span> <span class='ocrx_word' id='word_1_163' title='bbox 330 1945 441 2024; x_wconf 89' lang='lat' dir='ltr'>publici</span> <span class='ocrx_word' id='word_1_164' title='bbox 467 1955 496 2006; x_wconf 88' lang='lat' dir='ltr'>et</span> <span class='ocrx_word' id='word_1_165' title='bbox 520 1945 698 2023; x_wconf 84' lang='lat' dir='ltr'>antiquitatis</span> <span class='ocrx_word' id='word_1_166' title='bbox 732 1945 902 2004; x_wconf 80' lang='lat' dir='ltr'>memoriam</span> <span class='ocrx_word' id='word_1_167' title='bbox 937 1953 966 2004; x_wconf 89' lang='lat' dir='ltr'>et</span> <span class='ocrx_word' id='word_1_168' title='bbox 997 1948 1201 2026; x_wconf 85' lang='lat' dir='ltr'>exemplorum</span> 
     </span>
     <span class='ocr_line' id='line_1_20' title="bbox 127 2029 1203 2114; baseline -0.003 -18"><span class='ocrx_word' id='word_1_169' title='bbox 127 2034 256 2114; x_wconf 91' lang='lat' dir='ltr'>copiam,</span> <span class='ocrx_word' id='word_1_170' title='bbox 280 2031 445 2110; x_wconf 91' lang='lat' dir='ltr'>siquando</span> <span class='ocrx_word' id='word_1_171' title='bbox 468 2049 544 2110; x_wconf 92' lang='lat' dir='ltr'>opus</span> <span class='ocrx_word' id='word_1_172' title='bbox 567 2030 630 2103; x_wconf 88' lang='lat' dir='ltr'>erit,</span> <span class='ocrx_word' id='word_1_173' title='bbox 651 2049 668 2090; x_wconf 91' lang='lat' dir='ltr'>a</span> <span class='ocrx_word' id='word_1_174' title='bbox 690 2029 753 2090; x_wconf 84' lang='lat' dir='ltr'>viro</span> <span class='ocrx_word' id='word_1_175' title='bbox 774 2029 885 2108; x_wconf 89' lang='lat' dir='ltr'>optimo</span> <span class='ocrx_word' id='word_1_176' title='bbox 908 2039 936 2090; x_wconf 92' lang='lat' dir='ltr'>et</span> <span class='ocrx_word' id='word_1_177' title='bbox 956 2030 1019 2092; x_wconf 93' lang='lat' dir='ltr'>istis</span> <span class='ocrx_word' id='word_1_178' title='bbox 1042 2032 1131 2093; x_wconf 92' lang='lat' dir='ltr'>rebus</span> <span class='ocrx_word' id='word_1_179' title='bbox 1154 2034 1203 2094; x_wconf 88' lang='lat' dir='ltr'>in-</span> 
     </span>
     <span class='ocr_line' id='line_1_21' title="bbox 126 2115 1203 2196; baseline -0.004 -14"><span class='ocrx_word' id='word_1_180' title='bbox 126 2117 336 2189; x_wconf 90' lang='lat' dir='ltr'>structissimo,</span> <span class='ocrx_word' id='word_1_181' title='bbox 353 2116 485 2178; x_wconf 79' lang='lat' dir='ltr'>familiari</span> <span class='ocrx_word' id='word_1_182' title='bbox 500 2134 576 2188; x_wconf 90' lang='lat' dir='ltr'>meo,</span> <span class='ocrx_word' id='word_1_183' title='bbox 592 2116 692 2196; x_wconf 79' lang='lat' dir='ltr'>Congo</span> <span class='ocrx_word' id='word_1_184' title='bbox 708 2115 874 2176; x_wconf 90' lang='lat' dir='ltr'>mutuabor.</span> <span class='ocrx_word' id='word_1_185' title='bbox 904 2115 1006 2194; x_wconf 91' lang='lat' dir='ltr'>Neque</span> <span class='ocrx_word' id='word_1_186' title='bbox 1022 2118 1203 2196; x_wconf 78' lang='lat' dir='ltr'>repugnabo,</span> 
     </span>
     <span class='ocr_line' id='line_1_22' title="bbox 126 2201 1202 2285; baseline -0.002 -19"><span class='ocrx_word' id='word_1_187' title='bbox 126 2223 190 2285; x_wconf 93' lang='lat' dir='ltr'>quo</span> <span class='ocrx_word' id='word_1_188' title='bbox 211 2203 328 2278; x_wconf 91' lang='lat' dir='ltr'>minus,</span> <span class='ocrx_word' id='word_1_189' title='bbox 347 2201 377 2263; x_wconf 92' lang='lat' dir='ltr'>id</span> <span class='ocrx_word' id='word_1_190' title='bbox 397 2202 477 2282; x_wconf 91' lang='lat' dir='ltr'>quod</span> <span class='ocrx_word' id='word_1_191' title='bbox 501 2201 590 2262; x_wconf 90' lang='lat' dir='ltr'>modo</span> <span class='ocrx_word' id='word_1_192' title='bbox 615 2201 748 2262; x_wconf 86' lang='lat' dir='ltr'>hortatus</span> <span class='ocrx_word' id='word_1_193' title='bbox 774 2220 820 2276; x_wconf 90' lang='lat' dir='ltr'>es,</span> <span class='ocrx_word' id='word_1_194' title='bbox 851 2201 949 2262; x_wconf 91' lang='lat' dir='ltr'>omnia</span> <span class='ocrx_word' id='word_1_195' title='bbox 970 2201 1081 2280; x_wconf 83' lang='lat' dir='ltr'>legant,</span> <span class='ocrx_word' id='word_1_196' title='bbox 1105 2205 1202 2266; x_wconf 90' lang='lat' dir='ltr'>omnia</span> 
     </span>
     <span class='ocr_line' id='line_1_23' title="bbox 126 2286 1202 2365; baseline -0.002 -13"><span class='ocrx_word' id='word_1_197' title='bbox 126 2289 258 2365; x_wconf 85' lang='lat' dir='ltr'>audiant,</span> <span class='ocrx_word' id='word_1_198' title='bbox 282 2289 312 2348; x_wconf 91' lang='lat' dir='ltr'>in</span> <span class='ocrx_word' id='word_1_199' title='bbox 335 2289 417 2349; x_wconf 90' lang='lat' dir='ltr'>omni</span> <span class='ocrx_word' id='word_1_200' title='bbox 438 2294 518 2348; x_wconf 87' lang='lat' dir='ltr'>recto</span> <span class='ocrx_word' id='word_1_201' title='bbox 539 2287 636 2347; x_wconf 90' lang='lat' dir='ltr'>studio</span> <span class='ocrx_word' id='word_1_202' title='bbox 657 2294 743 2365; x_wconf 91' lang='lat' dir='ltr'>atque</span> <span class='ocrx_word' id='word_1_203' title='bbox 765 2286 943 2348; x_wconf 88' lang='lat' dir='ltr'>humanitate</span> <span class='ocrx_word' id='word_1_204' title='bbox 959 2295 1130 2361; x_wconf 83' lang='lat' dir='ltr'>versentnr3</span> <span class='ocrx_word' id='word_1_205' title='bbox 1151 2290 1202 2350; x_wconf 90' lang='lat' dir='ltr'>sed</span> 
     </span>
    </p>
   </div>
   <div class='ocr_carea' id='block_1_3' title="bbox 131 2553 1210 4069">
    <p class='ocr_par' dir='ltr' id='par_1_4' title="bbox 205 2553 913 2619">
     <span class='ocr_line' id='line_1_24' title="bbox 205 2553 913 2619; baseline -0.014 -6"><span class='ocrx_word' id='word_1_206' title='bbox 205 2561 266 2612; x_wconf 79' lang='lat'>255.</span> <span class='ocrx_word' id='word_1_207' title='bbox 301 2559 369 2608; x_wconf 80' lang='lat' dir='ltr'>haud</span> <span class='ocrx_word' id='word_1_208' title='bbox 383 2560 464 2619; x_wconf 65' lang='lat' dir='ltr'>soum,</span> <span class='ocrx_word' id='word_1_209' title='bbox 485 2571 514 2605; x_wconf 91' lang='lat' dir='ltr'>so</span> <span class='ocrx_word' id='word_1_210' title='bbox 532 2557 595 2605; x_wconf 83' lang='lat' dir='ltr'>auch</span> <span class='ocrx_word' id='word_1_211' title='bbox 613 2553 644 2606; x_wconf 91' lang='lat' dir='ltr'>ll.</span> <span class='ocrx_word' id='word_1_212' title='bbox 665 2557 704 2618; x_wconf 78' lang='lat' dir='ltr'>tr,</span> <span class='ocrx_word' id='word_1_213' title='bbox 724 2557 771 2618; x_wconf 77' lang='lat'>723</span> <span class='ocrx_word' id='word_1_214' title='bbox 793 2557 834 2618; x_wconf 79' lang='lat'>52,</span> <span class='ocrx_word' id='word_1_215' title='bbox 855 2559 913 2609; x_wconf 82' lang='lat'>209.</span> 
     </span>
    </p>

    <p class='ocr_par' dir='ltr' id='par_1_5' title="bbox 131 2625 1207 3031">
     <span class='ocr_line' id='line_1_25' title="bbox 201 2625 1204 2694; baseline 0.004 -16"><span class='ocrx_word' id='word_1_216' title='bbox 201 2633 247 2694; x_wconf 86' lang='lat' dir='ltr'>qui</span> <span class='ocrx_word' id='word_1_217' title='bbox 265 2631 315 2677; x_wconf 80' lang='lat' dir='ltr'>iam</span> <span class='ocrx_word' id='word_1_218' title='bbox 331 2630 374 2676; x_wconf 84' lang='lat' dir='ltr'>diu</span> <span class='ocrx_word' id='word_1_219' title='bbox 390 2630 464 2676; x_wconf 86' lang='lat' dir='ltr'>mutto</span> <span class='ocrx_word' id='word_1_220' title='bbox 482 2628 542 2675; x_wconf 82' lang='lat' dir='ltr'>disis</span> <span class='ocrx_word' id='word_1_221' title='bbox 559 2629 695 2676; x_wconf 75' lang='lat' dir='ltr'>remissius:</span> <span class='ocrx_word' id='word_1_222' title='bbox 722 2639 787 2688; x_wconf 73' lang='lat' dir='ltr'>ganz</span> <span class='ocrx_word' id='word_1_223' title='bbox 803 2639 832 2674; x_wconf 91' lang='lat' dir='ltr'>so</span> <span class='ocrx_word' id='word_1_224' title='bbox 851 2625 900 2674; x_wconf 89' lang='lat' dir='ltr'>wie</span> <span class='ocrx_word' id='word_1_225' title='bbox 919 2625 970 2676; x_wconf 86' lang='lat' dir='ltr'>Cio.</span> <span class='ocrx_word' id='word_1_226' title='bbox 988 2627 1075 2692; x_wconf 85' lang='lat' dir='ltr'>selbst,</span> <span class='ocrx_word' id='word_1_227' title='bbox 1094 2630 1204 2682; x_wconf 88' lang='lat' dir='ltr'>welcher</span> 
     </span>
     <span class='ocr_line' id='line_1_26' title="bbox 131 2692 1207 2762; baseline 0.004 -14"><span class='ocrx_word' id='word_1_228' title='bbox 131 2699 163 2750; x_wconf 87' lang='lat' dir='ltr'>de</span> <span class='ocrx_word' id='word_1_229' title='bbox 183 2699 235 2762; x_wconf 72' lang='lat' dir='ltr'>leg.</span> <span class='ocrx_word' id='word_1_230' title='bbox 255 2695 274 2745; x_wconf 91' lang='lat' dir='ltr'>l.</span> <span class='ocrx_word' id='word_1_231' title='bbox 292 2698 317 2755; x_wconf 90' lang='grc'>4,</span> <span class='ocrx_word' id='word_1_232' title='bbox 334 2697 363 2747; x_wconf 90' lang='grc'>11</span> <span class='ocrx_word' id='word_1_233' title='bbox 384 2694 431 2744; x_wconf 88' lang='lat' dir='ltr'>den</span> <span class='ocrx_word' id='word_1_234' title='bbox 449 2693 549 2742; x_wconf 81' lang='lat' dir='ltr'>Atticus</span> <span class='ocrx_word' id='word_1_235' title='bbox 567 2710 597 2744; x_wconf 90' lang='lat' dir='ltr'>zu</span> <span class='ocrx_word' id='word_1_236' title='bbox 616 2693 670 2744; x_wconf 84' lang='lat' dir='ltr'>sich</span> <span class='ocrx_word' id='word_1_237' title='bbox 686 2707 762 2757; x_wconf 75' lang='lat' dir='ltr'>sagon</span> <span class='ocrx_word' id='word_1_238' title='bbox 778 2692 855 2743; x_wconf 88' lang='lat' dir='ltr'>liisst:</span> <span class='ocrx_word' id='word_1_239' title='bbox 878 2704 900 2744; x_wconf 85' lang='lat' dir='ltr'>te</span> <span class='ocrx_word' id='word_1_240' title='bbox 917 2699 966 2756; x_wconf 79' lang='lat' dir='ltr'>spes</span> <span class='ocrx_word' id='word_1_241' title='bbox 983 2702 1081 2748; x_wconf 84' lang='lat' dir='ltr'>mutasti</span> <span class='ocrx_word' id='word_1_242' title='bbox 1097 2710 1119 2750; x_wconf 84' lang='lat' dir='ltr'>st</span> <span class='ocrx_word' id='word_1_243' title='bbox 1135 2704 1207 2752; x_wconf 75' lang='lat' dir='ltr'>atiud</span> 
     </span>
     <span class='ocr_line' id='line_1_27' title="bbox 132 2765 1206 2832; baseline 0.003 -15"><span class='ocrx_word' id='word_1_244' title='bbox 132 2769 231 2819; x_wconf 63' lang='lat' dir='ltr'>abundi</span> <span class='ocrx_word' id='word_1_245' title='bbox 246 2767 377 2814; x_wconf 71' lang='lat' dir='ltr'>destituisti</span> <span class='ocrx_word' id='word_1_246' title='bbox 390 2779 481 2828; x_wconf 61' lang='lat' dir='ltr'>pessum</span> <span class='ocrx_word' id='word_1_247' title='bbox 508 2770 544 2826; x_wconf 88' lang='lat' dir='ltr'>ut,</span> <span class='ocrx_word' id='word_1_248' title='bbox 563 2779 632 2828; x_wconf 78' lang='lat' dir='ltr'>quem</span> <span class='ocrx_word' id='word_1_249' title='bbox 649 2765 792 2813; x_wconf 83' lang='lat' dir='ltr'>admodum</span> <span class='ocrx_word' id='word_1_250' title='bbox 807 2766 922 2825; x_wconf 81' lang='lat' dir='ltr'>Roscius,</span> <span class='ocrx_word' id='word_1_251' title='bbox 940 2765 1080 2828; x_wconf 78' lang='lat' dir='ltr'>sumitiuuis</span> <span class='ocrx_word' id='word_1_252' title='bbox 1096 2777 1159 2832; x_wconf 86' lang='lat' dir='ltr'>tuus,</span> <span class='ocrx_word' id='word_1_253' title='bbox 1178 2773 1206 2820; x_wconf 81' lang='lat' dir='ltr'>iu</span> 
     </span>
     <span class='ocr_line' id='line_1_28' title="bbox 132 2834 1205 2898; baseline 0.002 -11"><span class='ocrx_word' id='word_1_254' title='bbox 132 2844 250 2886; x_wconf 74' lang='lat' dir='ltr'>senectuti</span> <span class='ocrx_word' id='word_1_255' title='bbox 266 2849 377 2882; x_wconf 79' lang='lat' dir='ltr'>numeros</span> <span class='ocrx_word' id='word_1_256' title='bbox 394 2836 421 2882; x_wconf 86' lang='lat' dir='ltr'>s&#39;u</span> <span class='ocrx_word' id='word_1_257' title='bbox 437 2841 508 2882; x_wconf 80' lang='lat' dir='ltr'>cantu</span> <span class='ocrx_word' id='word_1_258' title='bbox 531 2835 663 2894; x_wconf 55' lang='lat' dir='ltr'>coemerat,</span> <span class='ocrx_word' id='word_1_259' title='bbox 690 2835 801 2894; x_wconf 74' lang='lat' dir='ltr'>ipsusque</span> <span class='ocrx_word' id='word_1_260' title='bbox 816 2834 935 2882; x_wconf 84' lang='lat' dir='ltr'>tardiores</span> <span class='ocrx_word' id='word_1_261' title='bbox 945 2835 1040 2896; x_wconf 74' lang='lat' dir='ltr'>suaerat</span> <span class='ocrx_word' id='word_1_262' title='bbox 1059 2838 1143 2898; x_wconf 75' lang='lat' dir='ltr'>tibias,</span> <span class='ocrx_word' id='word_1_263' title='bbox 1170 2843 1205 2889; x_wconf 84' lang='lat' dir='ltr'>sis</span> 
     </span>
     <span class='ocr_line' id='line_1_29' title="bbox 131 2901 1205 2970; baseline 0.003 -16"><span class='ocrx_word' id='word_1_264' title='bbox 131 2915 161 2956; x_wconf 88' lang='lat' dir='ltr'>tu</span> <span class='ocrx_word' id='word_1_265' title='bbox 177 2923 193 2956; x_wconf 85' lang='lat' dir='ltr'>a</span> <span class='ocrx_word' id='word_1_266' title='bbox 212 2905 417 2959; x_wconf 74' lang='lat' dir='ltr'>contentionibus,</span> <span class='ocrx_word' id='word_1_267' title='bbox 442 2903 529 2964; x_wconf 81' lang='lat' dir='ltr'>quibus</span> <span class='ocrx_word' id='word_1_268' title='bbox 545 2904 645 2950; x_wconf 84' lang='lat' dir='ltr'>summis</span> <span class='ocrx_word' id='word_1_269' title='bbox 661 2904 701 2950; x_wconf 86' lang='lat' dir='ltr'>uti</span> <span class='ocrx_word' id='word_1_270' title='bbox 715 2901 816 2965; x_wconf 69' lang='lat' dir='ltr'>subdas,</span> <span class='ocrx_word' id='word_1_271' title='bbox 839 2903 923 2950; x_wconf 76' lang='lat' dir='ltr'>cotidie</span> <span class='ocrx_word' id='word_1_272' title='bbox 942 2906 1032 2953; x_wconf 75' lang='lat' dir='ltr'>rsususs</span> <span class='ocrx_word' id='word_1_273' title='bbox 1050 2908 1153 2970; x_wconf 76' lang='lat' dir='ltr'>aliquid,</span> <span class='ocrx_word' id='word_1_274' title='bbox 1178 2918 1205 2959; x_wconf 90' lang='lat' dir='ltr'>ut</span> 
     </span>
     <span class='ocr_line' id='line_1_30' title="bbox 134 2971 967 3031; baseline -0.004 -6"><span class='ocrx_word' id='word_1_275' title='bbox 134 2977 186 3025; x_wconf 86' lang='lat' dir='ltr'>iam</span> <span class='ocrx_word' id='word_1_276' title='bbox 203 2975 281 3022; x_wconf 82' lang='lat' dir='ltr'>oratio</span> <span class='ocrx_word' id='word_1_277' title='bbox 297 2982 341 3022; x_wconf 83' lang='lat' dir='ltr'>tua</span> <span class='ocrx_word' id='word_1_278' title='bbox 357 2987 407 3020; x_wconf 86' lang='lat' dir='ltr'>uou</span> <span class='ocrx_word' id='word_1_279' title='bbox 424 2973 525 3020; x_wconf 85' lang='lat' dir='ltr'>multum</span> <span class='ocrx_word' id='word_1_280' title='bbox 543 2988 560 3019; x_wconf 85' lang='lat' dir='ltr'>a</span> <span class='ocrx_word' id='word_1_281' title='bbox 572 2971 770 3031; x_wconf 67' lang='lat' dir='ltr'>philosophantes</span> <span class='ocrx_word' id='word_1_282' title='bbox 786 2971 882 3019; x_wconf 60' lang='lat' dir='ltr'>audate</span> <span class='ocrx_word' id='word_1_283' title='bbox 899 2973 967 3022; x_wconf 75' lang='lat' dir='ltr'>adast</span> 
     </span>
    </p>

    <p class='ocr_par' dir='ltr' id='par_1_6' title="bbox 134 3035 1207 3308">
     <span class='ocr_line' id='line_1_31' title="bbox 204 3035 1205 3107; baseline 0.003 -16"><span class='ocrx_word' id='word_1_284' title='bbox 204 3043 356 3107; x_wconf 66' lang='lat' dir='ltr'>pramuimi:</span> <span class='ocrx_word' id='word_1_285' title='bbox 378 3054 406 3088; x_wconf 87' lang='lat' dir='ltr'>so</span> <span class='ocrx_word' id='word_1_286' title='bbox 430 3037 578 3088; x_wconf 86' lang='lat' dir='ltr'>wiirdevoll.</span> <span class='ocrx_word' id='word_1_287' title='bbox 614 3036 674 3086; x_wconf 77' lang='lat' dir='ltr'>Dein</span> <span class='ocrx_word' id='word_1_288' title='bbox 698 3054 774 3088; x_wconf 75' lang='lat' dir='ltr'>sunno</span> <span class='ocrx_word' id='word_1_289' title='bbox 800 3035 838 3088; x_wconf 86' lang='lat' dir='ltr'>als</span> <span class='ocrx_word' id='word_1_290' title='bbox 861 3038 905 3087; x_wconf 91' lang='lat' dir='ltr'>der</span> <span class='ocrx_word' id='word_1_291' title='bbox 924 3039 1029 3104; x_wconf 72' lang='lat' dir='ltr'>ruhiqon</span> <span class='ocrx_word' id='word_1_292' title='bbox 1048 3042 1099 3091; x_wconf 93' lang='lat' dir='ltr'>und</span> <span class='ocrx_word' id='word_1_293' title='bbox 1116 3044 1205 3106; x_wconf 75' lang='lat' dir='ltr'>gebal·</span> 
     </span>
     <span class='ocr_line' id='line_1_32' title="bbox 134 3103 1204 3175; baseline -0.002 -15"><span class='ocrx_word' id='word_1_294' title='bbox 134 3117 211 3162; x_wconf 86' lang='lat' dir='ltr'>tenen</span> <span class='ocrx_word' id='word_1_295' title='bbox 230 3107 392 3171; x_wconf 80' lang='lat' dir='ltr'>Darsteilung</span> <span class='ocrx_word' id='word_1_296' title='bbox 415 3106 480 3155; x_wconf 89' lang='lat' dir='ltr'>wird</span> <span class='ocrx_word' id='word_1_297' title='bbox 503 3107 566 3156; x_wconf 86' lang='lat' dir='ltr'>auch</span> <span class='ocrx_word' id='word_1_298' title='bbox 583 3103 613 3155; x_wconf 92' lang='lat' dir='ltr'>ll.</span> <span class='ocrx_word' id='word_1_299' title='bbox 632 3109 678 3170; x_wconf 81' lang='lat'>45,</span> <span class='ocrx_word' id='word_1_300' title='bbox 701 3109 748 3160; x_wconf 78' lang='lat'>177</span> <span class='ocrx_word' id='word_1_301' title='bbox 770 3105 810 3156; x_wconf 86' lang='lat' dir='ltr'>dic</span> <span class='ocrx_word' id='word_1_302' title='bbox 830 3112 946 3158; x_wconf 77' lang='lat' dir='ltr'>sententio</span> <span class='ocrx_word' id='word_1_303' title='bbox 964 3112 1204 3175; x_wconf 73' lang='lat' dir='ltr'>entgegengestellt:</span> 
     </span>
     <span class='ocr_line' id='line_1_33' title="bbox 136 3177 1207 3246; baseline 0.002 -16"><span class='ocrx_word' id='word_1_304' title='bbox 136 3197 188 3230; x_wconf 82' lang='lat' dir='ltr'>stou</span> <span class='ocrx_word' id='word_1_305' title='bbox 205 3181 270 3230; x_wconf 78' lang='lat' dir='ltr'>assim</span> <span class='ocrx_word' id='word_1_306' title='bbox 286 3187 343 3227; x_wconf 77' lang='lat' dir='ltr'>stant</span> <span class='ocrx_word' id='word_1_307' title='bbox 362 3177 617 3237; x_wconf 61' lang='lat' dir='ltr'>maecenatiana</span> <span class='ocrx_word' id='word_1_308' title='bbox 636 3179 792 3226; x_wconf 77' lang='lat' dir='ltr'>contentiosnis</span> <span class='ocrx_word' id='word_1_309' title='bbox 812 3179 897 3239; x_wconf 63' lang='lat' dir='ltr'>umba,</span> <span class='ocrx_word' id='word_1_310' title='bbox 915 3194 991 3241; x_wconf 80' lang='lat' dir='ltr'>usque</span> <span class='ocrx_word' id='word_1_311' title='bbox 1012 3195 1041 3230; x_wconf 78' lang='lat' dir='ltr'>su</span> <span class='ocrx_word' id='word_1_312' title='bbox 1059 3183 1107 3230; x_wconf 84' lang='lat' dir='ltr'>alio</span> <span class='ocrx_word' id='word_1_313' title='bbox 1122 3198 1207 3246; x_wconf 78' lang='lat' dir='ltr'>psum</span> 
     </span>
     <span class='ocr_line' id='line_1_34' title="bbox 137 3247 983 3308; baseline -0.002 -8"><span class='ocrx_word' id='word_1_314' title='bbox 137 3252 174 3300; x_wconf 83' lang='lat' dir='ltr'>ad</span> <span class='ocrx_word' id='word_1_315' title='bbox 188 3264 261 3298; x_wconf 81' lang='lat' dir='ltr'>usum</span> <span class='ocrx_word' id='word_1_316' title='bbox 278 3249 432 3308; x_wconf 73' lang='lat' dir='ltr'>cotidianum,</span> <span class='ocrx_word' id='word_1_317' title='bbox 448 3248 495 3294; x_wconf 83' lang='lat' dir='ltr'>aiio</span> <span class='ocrx_word' id='word_1_318' title='bbox 515 3247 548 3294; x_wconf 84' lang='lat' dir='ltr'>ad</span> <span class='ocrx_word' id='word_1_319' title='bbox 565 3261 657 3294; x_wconf 78' lang='lat' dir='ltr'>sunam</span> <span class='ocrx_word' id='word_1_320' title='bbox 670 3259 829 3308; x_wconf 76' lang='lat' dir='ltr'>pompamque</span> <span class='ocrx_word' id='word_1_321' title='bbox 847 3259 983 3299; x_wconf 70' lang='lat' dir='ltr'>sumuntur.</span> 
     </span>
    </p>

    <p class='ocr_par' dir='ltr' id='par_1_7' title="bbox 135 3312 1209 3512">
     <span class='ocr_line' id='line_1_35' title="bbox 210 3312 1208 3380; baseline -0.001 -13"><span class='ocrx_word' id='word_1_322' title='bbox 210 3319 329 3367; x_wconf 81' lang='lat' dir='ltr'>audimus.</span> <span class='ocrx_word' id='word_1_323' title='bbox 365 3313 411 3363; x_wconf 87' lang='lat' dir='ltr'>Die</span> <span class='ocrx_word' id='word_1_324' title='bbox 435 3313 481 3363; x_wconf 90' lang='lat' dir='ltr'>der</span> <span class='ocrx_word' id='word_1_325' title='bbox 501 3312 704 3376; x_wconf 75' lang='lat' dir='ltr'>Vorgangonheit</span> <span class='ocrx_word' id='word_1_326' title='bbox 728 3315 900 3378; x_wconf 79' lang='lat' dir='ltr'>sngahdrando</span> <span class='ocrx_word' id='word_1_327' title='bbox 920 3313 1063 3380; x_wconf 77' lang='lat' dir='ltr'>lirlahruug</span> <span class='ocrx_word' id='word_1_328' title='bbox 1086 3315 1150 3366; x_wconf 75' lang='lat' dir='ltr'>wind</span> <span class='ocrx_word' id='word_1_329' title='bbox 1170 3317 1208 3367; x_wconf 83' lang='lat' dir='ltr'>als</span> 
     </span>
     <span class='ocr_line' id='line_1_36' title="bbox 135 3377 1209 3449; baseline 0.003 -14"><span class='ocrx_word' id='word_1_330' title='bbox 135 3385 164 3435; x_wconf 84' lang='lat' dir='ltr'>in</span> <span class='ocrx_word' id='word_1_331' title='bbox 182 3386 227 3436; x_wconf 82' lang='lat' dir='ltr'>der</span> <span class='ocrx_word' id='word_1_332' title='bbox 244 3382 396 3447; x_wconf 76' lang='lat' dir='ltr'>Gegenwart</span> <span class='ocrx_word' id='word_1_333' title='bbox 415 3379 577 3432; x_wconf 87' lang='lat' dir='ltr'>lortdsuerud</span> <span class='ocrx_word' id='word_1_334' title='bbox 597 3381 758 3446; x_wconf 71' lang='lat' dir='ltr'>dargestellt;</span> <span class='ocrx_word' id='word_1_335' title='bbox 777 3382 858 3447; x_wconf 74' lang='lat' dir='ltr'>vergi.</span> <span class='ocrx_word' id='word_1_336' title='bbox 873 3384 917 3433; x_wconf 84' lang='lat' dir='ltr'>das</span> <span class='ocrx_word' id='word_1_337' title='bbox 929 3384 1085 3449; x_wconf 76' lang='lat' dir='ltr'>griechiseho</span> <span class='ocrx_word' id='word_1_338' title='bbox 1098 3377 1209 3438; x_wconf 79' lang='grc' dir='ltr'><em>ἀκούειν</em></span> 
     </span>
     <span class='ocr_line' id='line_1_37' title="bbox 138 3451 706 3512; baseline -0.007 -8"><span class='ocrx_word' id='word_1_339' title='bbox 138 3455 189 3504; x_wconf 82' lang='lat' dir='ltr'>und</span> <span class='ocrx_word' id='word_1_340' title='bbox 205 3451 237 3504; x_wconf 89' lang='lat' dir='ltr'>ll.</span> <span class='ocrx_word' id='word_1_341' title='bbox 253 3455 296 3512; x_wconf 84' lang='lat'>22,</span> <span class='ocrx_word' id='word_1_342' title='bbox 315 3453 362 3504; x_wconf 80' lang='lat'>93:</span> <span class='ocrx_word' id='word_1_343' title='bbox 380 3455 409 3503; x_wconf 84' lang='lat' dir='ltr'>ds</span> <span class='ocrx_word' id='word_1_344' title='bbox 425 3453 569 3502; x_wconf 71' lang='lat' dir='ltr'>thusum</span> <span class='ocrx_word' id='word_1_345' title='bbox 587 3453 706 3502; x_wconf 83' lang='lat' dir='ltr'>audimus.</span> 
     </span>
    </p>

    <p class='ocr_par' dir='ltr' id='par_1_8' title="bbox 203 3518 1137 3586">
     <span class='ocr_line' id='line_1_38' title="bbox 203 3518 1137 3586; baseline 0 -14"><span class='ocrx_word' id='word_1_346' title='bbox 203 3526 294 3586; x_wconf 82' lang='lat' dir='ltr'>paulo:</span> <span class='ocrx_word' id='word_1_347' title='bbox 313 3536 359 3570; x_wconf 88' lang='lat' dir='ltr'>nur</span> <span class='ocrx_word' id='word_1_348' title='bbox 379 3519 420 3570; x_wconf 83' lang='lat' dir='ltr'>eiu</span> <span class='ocrx_word' id='word_1_349' title='bbox 439 3518 536 3582; x_wconf 70' lang='lat' dir='ltr'>weni33</span> <span class='ocrx_word' id='word_1_350' title='bbox 554 3518 605 3582; x_wconf 78' lang='lat' dir='ltr'>vgl.</span> <span class='ocrx_word' id='word_1_351' title='bbox 625 3521 668 3581; x_wconf 85' lang='lat'>21,</span> <span class='ocrx_word' id='word_1_352' title='bbox 686 3521 727 3572; x_wconf 78' lang='lat'>95.</span> <span class='ocrx_word' id='word_1_353' title='bbox 763 3522 813 3573; x_wconf 75' lang='lat' dir='ltr'>dur.</span> <span class='ocrx_word' id='word_1_354' title='bbox 835 3523 918 3582; x_wconf 77' lang='lat' dir='ltr'>dada,</span> <span class='ocrx_word' id='word_1_355' title='bbox 937 3536 958 3572; x_wconf 86' lang='lat' dir='ltr'>s.</span> <span class='ocrx_word' id='word_1_356' title='bbox 978 3536 1000 3574; x_wconf 82' lang='lat' dir='ltr'>a.</span> <span class='ocrx_word' id='word_1_357' title='bbox 1019 3524 1059 3584; x_wconf 83' lang='lat'>53,</span> <span class='ocrx_word' id='word_1_358' title='bbox 1079 3521 1137 3572; x_wconf 76' lang='lat'><strong>227.</strong></span> 
     </span>
    </p>

    <p class='ocr_par' dir='ltr' id='par_1_9' title="bbox 203 3586 1190 3652">
     <span class='ocr_line' id='line_1_39' title="bbox 203 3586 1190 3652; baseline 0 -12"><span class='ocrx_word' id='word_1_359' title='bbox 203 3593 359 3652; x_wconf 83' lang='lat' dir='ltr'>pausudusu:</span> <span class='ocrx_word' id='word_1_360' title='bbox 376 3605 407 3638; x_wconf 86' lang='lat' dir='ltr'>zu</span> <span class='ocrx_word' id='word_1_361' title='bbox 427 3589 521 3638; x_wconf 86' lang='lat' dir='ltr'>suehan</span> <span class='ocrx_word' id='word_1_362' title='bbox 538 3587 598 3638; x_wconf 87' lang='lat' dir='ltr'>oder</span> <span class='ocrx_word' id='word_1_363' title='bbox 616 3603 648 3636; x_wconf 85' lang='lat' dir='ltr'>zu</span> <span class='ocrx_word' id='word_1_364' title='bbox 665 3586 747 3638; x_wconf 88' lang='lat' dir='ltr'>finden</span> <span class='ocrx_word' id='word_1_365' title='bbox 763 3589 809 3651; x_wconf 85' lang='lat' dir='ltr'>soi,</span> <span class='ocrx_word' id='word_1_366' title='bbox 827 3611 862 3632; x_wconf 83' lang='lat'>=</span> <span class='ocrx_word' id='word_1_367' title='bbox 875 3592 981 3651; x_wconf 78' lang='lat' dir='ltr'>positum</span> <span class='ocrx_word' id='word_1_368' title='bbox 999 3592 1190 3642; x_wconf 73' lang='lat' dir='ltr'>subtimuudum.</span> 
     </span>
    </p>

    <p class='ocr_par' dir='ltr' id='par_1_10' title="bbox 136 3656 1208 3862">
     <span class='ocr_line' id='line_1_40' title="bbox 209 3656 1208 3724; baseline -0.003 -12"><span class='ocrx_word' id='word_1_369' title='bbox 209 3661 268 3712; x_wconf 79' lang='lat'><strong>256.</strong></span> <span class='ocrx_word' id='word_1_370' title='bbox 302 3661 457 3722; x_wconf 74' lang='lat' dir='ltr'>antiquitatis</span> <span class='ocrx_word' id='word_1_371' title='bbox 475 3660 626 3720; x_wconf 69' lang='lat' dir='ltr'>muium,</span> <span class='ocrx_word' id='word_1_372' title='bbox 646 3656 697 3720; x_wconf 77' lang='lat' dir='ltr'>vgl.</span> <span class='ocrx_word' id='word_1_373' title='bbox 714 3660 762 3724; x_wconf 85' lang='lat'>46,</span> <span class='ocrx_word' id='word_1_374' title='bbox 782 3659 847 3722; x_wconf 77' lang='lat'>2013</span> <span class='ocrx_word' id='word_1_375' title='bbox 865 3661 937 3710; x_wconf 85' lang='lat' dir='ltr'>Brut.</span> <span class='ocrx_word' id='word_1_376' title='bbox 957 3661 998 3723; x_wconf 80' lang='lat'>59,</span> <span class='ocrx_word' id='word_1_377' title='bbox 1016 3660 1079 3711; x_wconf 78' lang='lat'>214:</span> <span class='ocrx_word' id='word_1_378' title='bbox 1105 3661 1208 3709; x_wconf 82' lang='lat' dir='ltr'>Nullum</span> 
     </span>
     <span class='ocr_line' id='line_1_41' title="bbox 136 3729 1207 3792; baseline -0.001 -12"><span class='ocrx_word' id='word_1_379' title='bbox 136 3733 179 3780; x_wconf 78' lang='lat' dir='ltr'>ute</span> <span class='ocrx_word' id='word_1_380' title='bbox 192 3734 287 3792; x_wconf 70' lang='lat' dir='ltr'>puttam</span> <span class='ocrx_word' id='word_1_381' title='bbox 305 3737 410 3788; x_wconf 71' lang='lat' dir='ltr'>uaauut,</span> <span class='ocrx_word' id='word_1_382' title='bbox 429 3729 523 3777; x_wconf 80' lang='lat' dir='ltr'>uultum</span> <span class='ocrx_word' id='word_1_383' title='bbox 540 3729 627 3791; x_wconf 74' lang='lat' dir='ltr'>teporat</span> <span class='ocrx_word' id='word_1_384' title='bbox 642 3736 774 3790; x_wconf 82' lang='lat' dir='ltr'>aratorum,</span> <span class='ocrx_word' id='word_1_385' title='bbox 792 3731 884 3778; x_wconf 68' lang='lat' dir='ltr'>nudam</span> <span class='ocrx_word' id='word_1_386' title='bbox 900 3731 1038 3778; x_wconf 72' lang='lat' dir='ltr'>maurium</span> <span class='ocrx_word' id='word_1_387' title='bbox 1056 3731 1207 3792; x_wconf 69' lang='lat' dir='ltr'>antiquitatis</span> 
     </span>
     <span class='ocr_line' id='line_1_42' title="bbox 138 3797 1041 3862; baseline -0.003 -13"><span class='ocrx_word' id='word_1_388' title='bbox 138 3801 280 3862; x_wconf 54' lang='lat' dir='ltr'>scamarum</span> <span class='ocrx_word' id='word_1_389' title='bbox 299 3813 347 3846; x_wconf 85' lang='lat' dir='ltr'>uass</span> <span class='ocrx_word' id='word_1_390' title='bbox 359 3799 483 3858; x_wconf 72' lang='lat' dir='ltr'>publicum</span> <span class='ocrx_word' id='word_1_391' title='bbox 501 3799 547 3858; x_wconf 73' lang='lat' dir='ltr'>uus,</span> <span class='ocrx_word' id='word_1_392' title='bbox 567 3812 616 3846; x_wconf 80' lang='lat' dir='ltr'>uon</span> <span class='ocrx_word' id='word_1_393' title='bbox 629 3797 755 3856; x_wconf 71' lang='lat' dir='ltr'>priuatum</span> <span class='ocrx_word' id='word_1_394' title='bbox 772 3805 794 3846; x_wconf 77' lang='lat' dir='ltr'>at</span> <span class='ocrx_word' id='word_1_395' title='bbox 810 3799 879 3846; x_wconf 81' lang='lat' dir='ltr'>uiuite</span> <span class='ocrx_word' id='word_1_396' title='bbox 895 3806 1041 3861; x_wconf 72' lang='lat' dir='ltr'>aequauerat.</span> 
     </span>
    </p>

    <p class='ocr_par' dir='ltr' id='par_1_11' title="bbox 136 3861 1208 3996">
     <span class='ocr_line' id='line_1_43' title="bbox 207 3861 1208 3930; baseline -0.001 -14"><span class='ocrx_word' id='word_1_397' title='bbox 207 3867 301 3916; x_wconf 85' lang='lat' dir='ltr'>Juuius</span> <span class='ocrx_word' id='word_1_398' title='bbox 326 3869 417 3930; x_wconf 77' lang='lat' dir='ltr'>Osopus</span> <span class='ocrx_word' id='word_1_399' title='bbox 441 3863 508 3913; x_wconf 87' lang='lat' dir='ltr'>wird</span> <span class='ocrx_word' id='word_1_400' title='bbox 526 3879 549 3929; x_wconf 91' lang='lat' dir='ltr'>p.</span> <span class='ocrx_word' id='word_1_401' title='bbox 568 3861 654 3914; x_wconf 82' lang='lat' dir='ltr'>Plana.</span> <span class='ocrx_word' id='word_1_402' title='bbox 681 3866 723 3928; x_wconf 78' lang='lat'>24,</span> <span class='ocrx_word' id='word_1_403' title='bbox 743 3865 775 3917; x_wconf 79' lang='lat'>58</span> <span class='ocrx_word' id='word_1_404' title='bbox 801 3864 839 3914; x_wconf 85' lang='lat' dir='ltr'>als</span> <span class='ocrx_word' id='word_1_405' title='bbox 861 3863 902 3914; x_wconf 85' lang='lat' dir='ltr'>eiu</span> <span class='ocrx_word' id='word_1_406' title='bbox 925 3864 1085 3928; x_wconf 76' lang='lat' dir='ltr'>griindlioher</span> <span class='ocrx_word' id='word_1_407' title='bbox 1108 3861 1208 3924; x_wconf 77' lang='lat' dir='ltr'>Ronper</span> 
     </span>
     <span class='ocr_line' id='line_1_44' title="bbox 136 3931 775 3996; baseline 0 -9"><span class='ocrx_word' id='word_1_408' title='bbox 136 3937 182 3987; x_wconf 84' lang='lat' dir='ltr'>das</span> <span class='ocrx_word' id='word_1_409' title='bbox 201 3933 358 3986; x_wconf 81' lang='lat' dir='ltr'>Alterthums</span> <span class='ocrx_word' id='word_1_410' title='bbox 375 3931 536 3995; x_wconf 56' lang='lat' dir='ltr'>homicium</span> <span class='ocrx_word' id='word_1_411' title='bbox 553 3935 633 3983; x_wconf 82' lang='lat' dir='ltr'>modo:</span> <span class='ocrx_word' id='word_1_412' title='bbox 654 3935 696 3996; x_wconf 88' lang='grc'>34,</span> <span class='ocrx_word' id='word_1_413' title='bbox 718 3935 775 3987; x_wconf 81' lang='lat'>158.</span> 
     </span>
    </p>

    <p class='ocr_par' dir='ltr' id='par_1_12' title="bbox 208 3999 1210 4069">
     <span class='ocr_line' id='line_1_45' title="bbox 208 3999 1210 4069; baseline 0.002 -15"><span class='ocrx_word' id='word_1_414' title='bbox 208 4013 271 4054; x_wconf 81' lang='lat' dir='ltr'>resto</span> <span class='ocrx_word' id='word_1_415' title='bbox 296 4005 389 4065; x_wconf 81' lang='lat' dir='ltr'>studio,</span> <span class='ocrx_word' id='word_1_416' title='bbox 413 4001 464 4066; x_wconf 78' lang='lat' dir='ltr'>vgl.</span> <span class='ocrx_word' id='word_1_417' title='bbox 484 4001 531 4064; x_wconf 81' lang='lat'>22,</span> <span class='ocrx_word' id='word_1_418' title='bbox 558 4003 605 4062; x_wconf 85' lang='grc'>99;</span> <span class='ocrx_word' id='word_1_419' title='bbox 632 3999 685 4052; x_wconf 89' lang='lat' dir='ltr'>dies</span> <span class='ocrx_word' id='word_1_420' title='bbox 711 4001 776 4051; x_wconf 75' lang='lat' dir='ltr'>wind</span> <span class='ocrx_word' id='word_1_421' title='bbox 798 3999 878 4052; x_wconf 80' lang='lat' dir='ltr'>niiher</span> <span class='ocrx_word' id='word_1_422' title='bbox 901 4001 1027 4054; x_wconf 84' lang='lat' dir='ltr'>hastimmt</span> <span class='ocrx_word' id='word_1_423' title='bbox 1044 4003 1121 4054; x_wconf 88' lang='lat' dir='ltr'>durch</span> <span class='ocrx_word' id='word_1_424' title='bbox 1140 4013 1210 4069; x_wconf 75' lang='lat' dir='ltr'>atque</span> 
     </span>
    </p>
   </div>
   <div class='ocr_carea' id='block_1_4' title="bbox 0 0 1422 4526">
    <p class='ocr_par' dir='ltr' id='par_1_13' title="bbox 0 0 1422 4526">
     <span class='ocr_line' id='line_1_46' title="bbox 0 0 1422 4526; baseline 0 0"><span class='ocrx_word' id='word_1_425' title='bbox 0 0 1422 4526; x_wconf 95' lang='lat' dir='ltr'> </span> 
     </span>
    </p>
   </div>
  </div>
 </body>
</html>
