2756 4520
315 329 358 380 uu
379 327 543 392 duntona,
566 329 610 382 lib.
628 328 670 380 ΠΙ.
688 345 742 396 cnp.
765 333 803 382 15.
824 332 839 392 ξ
858 333 899 384 to.
920 333 961 383 tt.
1132 331 1172 395 41
1225 375 1228 385 .

98 483 202 558 Hauc,
223 484 363 563 inquam,
387 485 531 564 cogitandi
546 483 816 564 pronuntiandique
832 484 975 545 rationem
989 486 1110 564 vimque
1126 486 1173 548 di·
1192 488 1240 548 15.
1248 493 1290 545 tt.

98 571 188 632 cendi
203 581 316 631 veteres
331 570 435 630 Graeci
450 571 622 648 sapientiam
638 569 838 632 nominabant.
881 569 957 630 Hinc
981 571 1020 632 illi
1035 571 1173 651 Lycurgi,

97 657 170 716 binc
184 654 294 726 Pittaci,
317 655 386 715 hinc
401 655 524 716 Solones
545 663 633 734 atque
655 654 691 716 ab
708 656 762 718 hac
784 654 974 716 similitudine
994 657 1172 717 Coruncanii

96 740 205 812 nostri,
227 739 360 813 Fabricii,
385 739 527 813 Catones,
550 741 702 818 Scipiones
722 743 859 813 luerunt,
881 758 942 800 non
966 750 1025 803 tam
1048 744 1171 802 sortasse

95 826 195 898 docti,
218 825 269 886 sed
291 825 404 906 impetu
419 827 524 887 mentis
538 826 624 886 simili
640 834 669 887 et
682 827 841 899 voluntate.
887 825 996 886 Eadem
1011 836 1109 887 autem
1125 826 1172 887 alii

95 911 265 991 prudentia,
279 909 331 970 sed
347 911 469 971 consilio
483 911 519 970 ad
535 911 610 972 vitae
625 912 720 972 studia
732 911 840 989 dispari
848 911 1072 990 quietematque
1079 911 1173 972 otium

94 997 202 1072 secuti,
218 1003 252 1056 ut
265 994 454 1074 Pythagoras,
471 995 664 1068 Democritus,
679 997 876 1074 Anaxagoras,
895 1016 911 1056 a
926 996 1062 1074 regendis
1071 996 1171 1078 civita-

94 1081 179 1144 tibus
201 1089 279 1142 totos
302 1099 334 1141 se
355 1081 391 1141 ad
413 1082 612 1160 cognitionem
633 1100 736 1142 rerum
760 1082 986 1161 transtulerunt3
1018 1100 1092 1160 quae
1115 1083 1173 1143 vita

95 1175 223 1248 propter
237 1166 475 1245 tranquillitatem
490 1177 518 1226 et
529 1177 651 1246 propter
659 1168 759 1246 ipsius
768 1167 905 1228 scientiae
916 1168 1097 1240 suavitatem,
1112 1185 1170 1246 qua

95 1252 173 1313 nihil
189 1258 234 1312 est
249 1250 419 1312 hominibus
433 1252 603 1324 iucundius,
618 1253 720 1332 pluris,
743 1269 832 1329 qnam
847 1253 917 1314 utile
934 1252 989 1314 luit
1003 1252 1092 1314 rebus
1111 1271 1169 1332 pu-

95 1337 192 1410 blicis,
208 1336 367 1397 delectavit.
411 1337 521 1417 ltaque,
537 1348 569 1398 ut
584 1338 610 1398 ei
625 1338 721 1398 studio
738 1356 769 1397 se
784 1337 1033 1398 excellentissimis
1046 1338 1170 1417 ingeniis
1185 1346 1225 1394 57.

95 1422 238 1483 homiues
255 1421 440 1498 dediderunt,
463 1441 499 1482 ex
515 1441 547 1482 ea
563 1441 678 1484 summa
694 1423 828 1483 formate
843 1423 926 1484 vacui
951 1422 984 1483 ac
997 1423 1080 1486 liberi
1095 1433 1170 1484 tcm-

96 1508 182 1586 poris
197 1507 292 1567 multo
309 1507 402 1585 plura,
425 1525 516 1585 quam
538 1517 599 1568 erat
616 1526 752 1580 necesse,
774 1507 936 1568 doctissimi
958 1508 1094 1569 homines
1111 1509 1170 1569 otio

94 1593 192 1654 nimio
206 1602 235 1652 et
249 1591 374 1670 ingeniis
391 1591 547 1654 uberrimis
561 1593 722 1655 adfluentes
739 1593 869 1654 curanda
881 1593 937 1653 sibi
952 1612 1016 1653 esse
1027 1613 1061 1654 ac
1079 1611 1170 1673 quae·

96 1678 192 1738 reuda
207 1687 235 1737 et
249 1677 449 1756 investiganda
464 1679 621 1740 duxeruut.
652 1679 725 1739 Nam
741 1688 825 1738 vetus
841 1678 960 1756 quidem
976 1679 1022 1738 illa
1038 1679 1171 1739 docmina

95 1764 202 1824 eadem
213 1761 329 1824 videtur
344 1775 372 1824 et
386 1771 465 1823 recte
482 1764 606 1826 faciendi
621 1773 650 1826 et
664 1764 741 1825 bene
757 1763 872 1824 dicendi
888 1764 1042 1843 magistra3
1074 1782 1171 1844 neque

190 1944 242 2004 15.
262 1951 303 2001 56.
316 1951 512 2011 pronuntiandi:
532 1954 712 2011 vorzutrsgen3
736 1953 868 1998 rata'onem:
884 1947 990 2012 ricbtigo
1009 1947 1134 2000 Methode.

184 2021 241 2067 λίπε
259 2027 309 2068 cet:
333 2032 377 2066 sus
402 2017 447 2066 der
465 2020 584 2078 owardo
600 2016 639 2066 als
658 2016 837 2080 gemeinsamer
856 2015 944 2082 Quelle
963 2016 1054 2081 gingen
1072 2017 1170 2066 sowohl

94 2085 292 2136 Staatsmiinner
309 2084 347 2134 als
367 2083 533 2152 Philosopben
553 2087 654 2135 berver.

183 2152 305 2215 Pittacus,
330 2154 498 2204 Beberrscher
520 2160 568 2203 von
589 2153 711 2220 Mytilene
738 2152 784 2203 aul
798 2151 901 2214 Lesbos,
926 2169 966 2204 um
987 2156 1037 2207 648
1055 2169 1080 2204 v.
1100 2152 1168 2216 Chr,

93 2222 168 2274 einer
186 2223 232 2273 der
249 2221 335 2272 sieben
354 2221 468 2274 Weison.

184 2294 214 2342 ab
231 2295 276 2341 itae
292 2294 451 2342 similatidirae
467 2313 502 2334 =
519 2294 548 2341 ad
565 2295 651 2342 lacrum
664 2294 747 2352 simii,
766 2290 815 2340 wie
835 2288 866 2353 ll,
886 2292 927 2352 23,
943 2293 989 2343 96:
1007 2293 1080 2342 Harsa
1092 2295 1170 2356 igitur

92 2364 279 2411 similitudinem
296 2363 341 2424 qai
353 2364 485 2411 imitatione
502 2365 601 2424 adsequi
616 2363 692 2420 saba·
710 2358 778 2409 cbds.
791 2361 830 2412 12.
842 2363 882 2411 tt.
904 2358 954 2410 Der
964 2359 1169 2425 priipositionellc

92 2428 230 2480 Ausdrnck
247 2429 293 2478 bat
312 2428 351 2478 die
369 2429 514 2492 Bedeutung
533 2429 602 2478 eines
619 2428 748 2478 Attributs
765 2449 801 2469 =
817 2446 833 2478 a
850 2432 967 2480 similium
986 2445 1068 2480 reraarn
1081 2431 1169 2480 stadiis

89 2499 211 2564 profecti,
230 2496 279 2552 wie
300 2495 331 2548 ll.
355 2499 394 2560 14,
413 2501 459 2550 58:
477 2501 506 2548 at
524 2500 655 2548 Aristotele
673 2499 832 2548 Callisthenes.

182 2564 239 2617 ut.
259 2565 438 2629 Coruncanius,
462 2565 534 2616 Cous.
553 2567 603 2618 280
624 2581 648 2614 ν.
667 2565 736 2619 Chr..
763 2566 808 2615 der
831 2572 898 2616 erste
922 2564 1075 2632 plebeiisclte
1096 2563 1168 2615 Pont.

92 2649 172 2700 mu,
194 2634 233 2684 als
245 2633 376 2698 Feldberr,
395 2633 618 2698 Rechtsgelebrtcr
633 2635 683 2684 und
700 2633 862 2684 Stsatsmann
883 2635 1081 2698 ausgezeiclmet.
1108 2634 1168 2698 Vgl.

92 2703 151 2757 Cat.
173 2718 206 2754 tn.
227 2705 251 2764 6,
275 2705 319 2754 15:
340 2707 415 2754 Ueteri
430 2721 497 2754 senes
514 2707 629 2767 Fabricii,
648 2706 725 2764 carii,
747 2705 894 2754 Coruncanii
905 2721 958 2753 cum
973 2707 1101 2766 rempubl.
1113 2719 1168 2753 aaa·

91 2776 149 2822 adio
168 2781 192 2822 et
206 2776 347 2824 auctoritate
367 2775 533 2836 defendebant,
554 2775 618 2822 aiiii
635 2775 752 2836 agebant?
768 2771 827 2822 Scin
848 2770 1011 2835 Zeitgenosse

184 2839 211 2892 C.
229 2839 361 2890 Fabricius
380 2840 509 2906 Luscinus,
528 2841 601 2890 Cous.
621 2841 671 2892 282
691 2857 715 2890 u.
734 2843 793 2900 278,
814 2840 928 2890 beriibmt
946 2855 1034 2904 wegon
1053 2841 1099 2890 der
1116 2838 1168 2891 Un-

91 2909 315 2969 bestccblicbkeit,
335 2909 375 2958 dio
395 2924 424 2960 er
441 2909 474 2959 im
493 2907 585 2973 {iringa
604 2924 682 2972 gegen
702 2906 817 2974 Pyrrbus
836 2908 938 2959 bewies.

182 2977 320 3044 Scipiones,
339 2979 363 3031 d.
383 2977 400 3029 i.
421 2978 466 3028 der
480 2977 588 3042 jiingere
607 2977 698 3043 Scipio,
719 2976 779 3027 weil
797 2975 842 3027 aul
860 2976 923 3027 Cato
941 2975 1050 3041 folgend.

182 3051 273 3109 impetu
291 3051 391 3098 mendi:
408 3045 586 3110 Seelendrang‚
604 3044 728 3112 Neigung.

181 3119 216 3166 ad
232 3119 295 3166 mae
312 3119 409 3166 stadia:
425 3115 585 3165 binsiebtlich
605 3115 651 3165 der
668 3114 739 3164 Ziela
759 3115 802 3164 des
822 3113 926 3178 Lebcns,
947 3129 997 3164 von
1012 3118 1109 3177 dispari
1120 3115 1167 3165 sb-

92 3183 199 3248 bdngig,
224 3183 274 3234 wic
291 3182 321 3234 ll.
341 3186 383 3248 49,
399 3187 464 3236 200:
486 3187 550 3234 attii
565 3188 626 3234 midi
645 3187 679 3234 ad
696 3187 892 3234 decimationem
917 3189 1022 3246 turpise,
1046 3187 1110 3236 attii
1136 3187 1169 3235 ad

91 3257 199 3304 debs-eas
216 3256 323 3304 aaudiat
341 3256 446 3304 maedam
461 3269 538 3315 possa.

180 3319 350 3386 Pythagoras,
371 3325 516 3384 att-510,
534 3322 578 3371 das
588 3319 670 3386 Haupt
688 3319 734 3370 der
753 3320 963 3370 unteritaliscben
984 3318 1165 3387 Philosophian-

91 3390 191 3445 scbule.
216 3389 351 3454 Democrit,
375 3391 500 3440 zwiscben
525 3393 575 3442 tto
594 3389 644 3440 und
663 3390 721 3453 366,
745 3389 786 3438 ein
804 3388 1014 3455 llauptvcrtreter
1041 3390 1086 3439 der
1109 3394 1167 3438 ato-

90 3457 239 3518 mistiscben
253 3458 387 3522 Richtung,
407 3456 582 3522 Anaxagoras,
596 3459 741 3523 ast-4³0,
761 3457 907 3508 Lebrcrdos
918 3456 1037 3520 Pericles,
1056 3456 1167 3506 welcbor

90 3533 179 3577 zuerst
197 3526 271 3577 einen
293 3528 336 3578 das
355 3527 465 3579 Weltall
483 3528 625 3577 ordnenden
644 3523 718 3576 Geist
735 3527 809 3588 (νοῦς
825 3525 997 3596 διακοσμῶν)
1016 3526 1131 3578 annabm.

179 3599 337 3661 meritonam
353 3613 443 3659 raram,
462 3596 486 3648 d.
504 3595 521 3646 i.
541 3594 709 3660 Philosophia.

181 3667 223 3716 57.
240 3683 270 3716 aa
287 3683 315 3716 aa
332 3682 424 3716 masma
440 3667 491 3728 saa.
506 3673 563 3716 ast:
581 3664 605 3714 in
624 3663 702 3727 Folgo
723 3663 806 3714 dieser
823 3662 1081 3726 uncingoschriinktan
1094 3660 1166 3726 titg-

91 3732 209 3796 liehkeit,
232 3733 295 3784 iiber
315 3733 396 3798 viillig
413 3731 475 3784 lreia
493 3731 551 3784 Zeit
572 3749 603 3782 zu
621 3730 752 3796 vcridgen.
787 3731 820 3782 So
839 3733 907 3782 steht
918 3733 1029 3794 fraudas
1049 3730 1096 3780 mit
1112 3730 1166 3781 dem

92 3799 157 3852 Gen.
181 3801 251 3852 eines
277 3801 384 3852 Nomens
410 3803 440 3852 de
466 3802 507 3852 off.
530 3801 560 3853 tt.
581 3805 621 3864 16,
640 3803 686 3853 bb:
710 3805 842 3865 satiataque
866 3811 1005 3862 sumptuum
1022 3803 1167 3866 sarabaiam

84 3873 202 3934 smetum
219 3873 360 3922 dirdiaram
373 3881 451 3933 putat.
477 3870 525 3920 tiit
541 3885 571 3922 aa
586 3869 651 3920 wind
664 3869 709 3920 der
728 3867 814 3920 Grund
830 3868 987 3932 bezeichnat,
1006 3868 1057 3919 wie
1074 3867 1105 3923 Il.
1125 3871 1166 3932 37,

94 3941 159 3994 154:
176 3957 207 3990 aa
224 3955 286 4004 qao:
304 3946 382 3990 unten
399 3942 442 4001 23,
461 3941 507 3992 89:
527 3957 556 3990 aa
572 3957 606 3990 eo.

178 4012 288 4060 ridetur:
304 4009 376 4059 stelit
393 4007 448 4059 sich
466 4008 595 4072 dag-wic
613 4007 643 4058 de
663 4006 704 4056 oli.
720 4006 739 4058 l.
759 4009 800 4069 24,
821 4007 869 4061 83:
895 4009 1036 4072 tamquam
1058 4035 1091 4044 —
1107 4023 1168 4058 oom-
