2760 4520
21 3370 42 3430 7

220 349 281 414 162
388 347 431 398 DE
450 345 674 410 olorinorum.
692 345 725 402 ΙΙ.
743 361 798 413 cap.
817 349 858 400 77.
876 349 917 400 78.
938 343 956 412 §
976 347 1123 401 313-315.

221 507 269 568 oui
290 506 315 566 si
342 503 425 565 initio
455 503 632 564 satisfactum
662 521 724 564 non
754 502 805 577 sit,
840 502 932 562 multo
963 503 1030 580 plus
1060 503 1098 564 sit
1126 503 1158 563 in
1180 503 1291 582 relique

134 583 139 602 ’
222 609 309 653 causa
329 588 533 651 laborandum.
577 589 650 650 Molo
673 589 752 649 onim
775 605 807 648 se
829 605 877 648 res
899 586 994 659 haber„
1017 605 1094 668 quae
1109 606 1173 649 non
1188 589 1290 660 statim,

150 677 208 729 314,
223 687 255 740 ut
277 675 333 737 dioi
363 683 464 753 ooepto
495 682 554 746 est,
584 673 689 734 melior
711 673 774 733 fieri
796 673 920 734 videtur.
962 673 1043 752 Ergo
1068 674 1153 734 utin
1177 683 1290 736 oratore

224 763 353 841 optimus
382 760 522 839 quisque,
555 759 597 820 sio
625 760 656 820 in
686 759 818 819 oratione
850 758 1055 818 firmissimum
1088 759 1231 839 quodque
1258 760 1291 820 sit

224 849 370 927 primum3
406 846 476 906 duro
499 843 571 905 iliud
593 852 691 905 tamen
713 845 745 906 in
767 853 895 924 utroque
916 852 1068 915 teneatur,
1093 852 1127 905 ut
1150 864 1200 924 ea,
1221 863 1289 924 quae

224 933 373 1004 excellent,
395 939 549 992 serventur
571 930 657 990 etiam
679 928 714 990 ad
737 927 954 1008 perorandum
977 929 1002 989 si
1025 947 1101 1008 quae
1123 939 1212 992 erunt
1233 948 1289 990 me·

225 1019 334 1080 diooria
356 1049 398 1061 -
420 1032 489 1076 nam
519 1015 630 1076 vitiosis
661 1033 808 1094 nusquam
839 1033 902 1075 esse
932 1022 1048 1092 oportet
1068 1015 1170 1076 looum
1194 1047 1242 1086 -‚
1261 1016 1289 1076 in

155 1115 212 1166 315.
226 1105 352 1164 mediam
375 1100 493 1163 turbam
515 1108 601 1178 atque
623 1100 654 1160 in
677 1118 794 1180 gregem
818 1099 1009 1160 conicientur.
1047 1099 1135 1161 Hisce
1159 1101 1290 1162 omnihus

226 1188 316 1250 rebus
338 1185 546 1258 consideratio,
569 1194 631 1246 tum
653 1186 781 1265 deniquo
802 1185 847 1260 id,
870 1185 950 1264 quod
973 1185 1105 1263 primum
1128 1195 1173 1248 est
1195 1186 1289 1247 dioen-

227 1275 311 1346 dum,
341 1279 525 1351 postremum
551 1271 630 1332 soleo
654 1271 780 1350 cogitare
787 1277 804 1351 ,'
827 1288 886 1351 quo
910 1280 975 1331 utar
998 1271 1131 1332 exordio.
1174 1272 1249 1332 Nam
1269 1271 1290 1330 si

228 1359 346 1438 quondo
369 1357 398 1416 id
421 1356 551 1435 primum
574 1357 706 1417 invenire
729 1356 825 1429 volui,
856 1357 971 1416 nullum
994 1356 1066 1417 mihi
1089 1357 1220 1418 ooourn‘t
1240 1355 1291 1417 nisi

227 1453 278 1504 aut
300 1443 372 1504 exile
394 1450 445 1503 aut
466 1442 654 1520 nugatorium
676 1450 727 1502 aut
748 1443 864 1521 volgare
887 1449 937 1502 out
958 1459 1128 1502 commune.
1195 1491 1198 1500 .

163 1532 212 1594 78.
313 1527 458 1606 Principia
480 1535 577 1587 autem
600 1527 717 1588 dioendi
739 1545 857 1605 semper
878 1545 947 1587 oum
967 1535 1101 1588 aoourato
1123 1536 1152 1588 et
1172 1536 1252 1588 acuto
1266 1535 1293 1586 et

227 1616 369 1677 instructa
392 1612 559 1689 sententiis,
590 1621 655 1692 opta
676 1612 787 1686 verbis,
816 1620 881 1674 tum
903 1631 974 1672 vero
997 1631 1154 1674 causarum
1178 1611 1288 1693 propria

296 1751 355 1801 31⁴.
385 1752 412 1799 e'n
438 1757 545 1807 oratore,
568 1747 631 1797 kun
654 1743 709 1798 fiir:
738 1761 811 1796 wenti
829 1760 857 1796 es
876 1746 929 1796 sioh
949 1762 990 1796 um
1010 1747 1057 1797 den
1076 1746 1177 1798 Rodnor
1197 1747 1291 1798 handolt

229 1817 268 1868 od.
286 1816 327 1867 boi
345 1817 390 1866 dor
407 1815 487 1866 wahl
506 1815 573 1865 eines
591 1815 711 1877 Rodners,
735 1815 838 1864 'eihnlioh
856 1815 905 1865 wio
924 1813 943 1867 7.
963 1817 1003 1878 37,
1025 1818 1086 1868 17οε
1116 1821 1144 1866 e'n
1162 1822 1217 1868 iure
1235 1821 1294 1868 aaut
1358 1855 1359 1860 ,

228 1886 262 1949 (in
281 1886 325 1937 dor
342 1884 506 1948 Aowendung
524 1884 566 1934 des
582 1883 761 1946 Stootsreohts)
780 1888 839 1934 eate'e
859 1887 897 1935 ἰαί
912 1890 963 1935 arte'
974 1885 1061 1947 faeere
1073 1903 1162 1947 poem
1191 1903 1214 1952 p.
1233 1886 1290 1936 Sest.

228 1958 270 2017 48,
291 1957 352 2008 103:
380 1956 548 2004 dissentiebant
560 1956 683 2015 prinussaea
704 1963 726 2004 et
742 1957 769 2003 e'n
788 1958 862 2004 eatute
881 1957 1031 2014 optimatium
1047 1958 1202 2006 temeritatem
1218 1958 1290 2006 multi·

229 2028 321 2076 mutate
339 2031 361 2075 et
384 2025 482 2074 eatena
503 2027 622 2073 licentiam
636 2025 845 2083 pertimescebant·
871 2022 938 2072 obds.
958 2025 999 2084 55,
1022 2025 1082 2075 118:
1109 2028 1137 2073 e'n
1155 2042 1181 2074 eo
1199 2027 1289 2075 uomitu.

228 2093 300 2144 Nooh
317 2091 433 2156 h'a'ufigor'
447 2091 525 2141 findet
541 2091 595 2140 sioh
613 2091 694 2141 dieser
711 2091 857 2154 energisehe
878 2089 1011 2142 Gebrauoh
1030 2093 1074 2142 dor
1091 2089 1196 2159 Priipoo
1209 2094 1247 2144 bei
1257 2095 1289 2141 aa

228 2161 289 2226 Hier
308 2176 363 2212 wer
385 2161 498 2210 dorselbo
518 2160 583 2210 auch
600 2160 677 2209 duroh
696 2159 740 2209 das
754 2158 845 2210 Gesotz
863 2161 907 2210 der
924 2160 1132 2225 gleiohmfissigon
1148 2159 1289 2224 Gliodorung

229 2229 341 2295 bodiugt‚
361 2229 458 2280 welche
477 2244 522 2278 zur
541 2229 673 2280 stfirkoron
691 2227 888 2292 Hervorhobung
905 2229 948 2280 dos
969 2227 1140 2292 Gogensatzos
1160 2231 1237 2283 diunt.
1299 2255 1302 2263 ·

298 2317 358 2365 quae
377 2301 496 2360 auertunt,
517 2313 536 2348 s.
557 2314 579 2347 z.
601 2299 643 2360 42,
663 2299 725 2350 178:
744 2302 789 2362 qui
805 2302 892 2348 audiet.

298 2378 424 2419 ementur
440 2370 474 2418 ad
484 2371 658 2429 perorandum,
676 2365 702 2418 in
720 2367 764 2416 dor
781 2367 923 2416 soltonorou
941 2366 1084 2430 Bodoutung
1101 2381 1151 2416 von
1171 2326 1299 2419 adseruare¹

231 2438 270 2487 od.
290 2453 426 2495 reservare,
450 2435 499 2485 wie
519 2453 542 2502 p.
560 2433 643 2485 Plano.
664 2439 688 2500 5,
709 2437 754 2488 13:
785 2439 870 2486 u'n-
883 2439 1027 2496 temporibus
1048 2446 1070 2486 te
1086 2439 1143 2486 aliie
1163 2439 1287 2498 reseranti,
1357 2443 1358 2450 ’

231 2523 272 2571 eqo
290 2521 389 2570 quoque,
415 2508 506 2569 inquiet
519 2509 626 2568 populue
644 2507 779 2572 Ronmnue,
803 2509 836 2555 ad
851 2523 878 2555 ea
896 2515 918 2554 te
933 2515 1039 2566 tenpore
1056 2507 1174 2571 reoooaoe',
1192 2511 1225 2557 ad
1239 2520 1290 2572 quae

231 2585 257 2625 tu
273 2585 295 2625 te
312 2577 362 2636 e'qree
379 2591 496 2624 oeroarae.

299 2660 406 2709 anaqam,
436 2642 462 2693 in
492 2640 689 2691 veriiohtliohem
716 2640 790 2691 Sinna
822 2639 897 2707 (ohne
926 2641 1019 2692 nihoro
1047 2639 1225 2707 Bostimmung)
1249 2640 1290 2690 uie

231 2729 253 2778 p.
269 2709 342 2761 Roso.
357 2711 411 2762 Am.
424 2713 465 2773 32,
479 2713 526 2765 89;
544 2727 584 2776 eoo
597 2711 708 2775 soreitan
717 2720 819 2773 propter
833 2713 1011 2761 multetudr‘nem
1023 2720 1184 2771 patronorum
1197 2716 1290 2778 eiessqreye

232 2786 381 2833 aunumerer.

302 2852 360 2902 315.
394 2861 445 2901 tum
470 2852 583 2912 nouae,
609 2846 659 2896 wie
684 2848 725 2910 34,
754 2849 814 2909 146;
843 2849 884 2907 12,
911 2849 957 2901 181
977 2863 1001 2897 u.
1022 2863 1058 2910 o.3
1090 2851 1287 2910 permanare
1356 2887 1357 2924 t

232 2929 344 2970 etrernum
361 2919 396 2969 ist
411 2918 502 2968 obonso
522 2915 657 2966 construite
676 2915 726 2966 wie
744 2917 759 2977 ξ
775 2917 838 2967 313:
853 2919 946 2977 prima.

301 3005 350 3051 quo
366 2998 425 3038 utar
442 2991 546 3048 aredio,
565 3001 585 3034 s.
603 3001 626 3038 z.
647 2987 688 3047 73,
708 2985 773 3038 297ε
790 2988 854 3035 ninii
871 2989 899 3035 e'n
915 3001 987 3035 eamn
1004 2986 1167 3050 malefacere.

301 3061 397 3122 ootqore
420 3066 462 3105 aut
486 3071 612 3105 eommune.
648 3053 722 3104 Beide
746 3051 940 3117 Eigoosohoften
965 3053 1068 3104 worden
1091 3053 1137 3105 als*
1156 3054 1219 3104 ewei
1239 3067 1288 3102 rer-

232 3123 365 3174 sohiedeno
390 3123 481 3174 Fehler
507 3124 549 3173 dos
576 3127 699 3174 eaor-dium
725 3123 871 3174 bezeichnot
898 3122 927 3172 rio
952 3122 1003 3175 inv.
1021 3122 1039 3176 l.
1059 3125 1107 3185 18,
1137 3125 1170 3175 26
1199 3113 1287 3172 uod'ai

232 3193 289 3242 Hor.
309 3191 327 3242 Ι.
347 3196 371 3254 7,
393 3194 437 3245 11:
468 3193 579 3242 vitiorum
596 3197 719 3242 eearate'um
737 3202 779 3253 eet,
799 3197 865 3257 quod
880 3196 907 3242 e'n
919 3196 1002 3254 atarto
1021 3209 1106 3244 murae
1118 3203 1197 3255 poteet
1212 3207 1287 3242 aoeoru

231 3266 339 3324 modari,·
351 3265 418 3326 quod
432 3265 527 3326 uoluere
540 3263 644 3320 auitum
661 3264 716 3311 rtem
727 3265 838 3312 uitiorum
849 3272 890 3324 eet,
908 3279 954 3327 quo
965 3265 1040 3313 nihile)
1055 3265 1136 3312 minue
1150 3262 1288 3312 aaronem

226 3342 304 3395 potent
321 3335 371 3391 ute',
395 3333 462 3396 quod
476 3343 596 3379 eommune
615 3334 759 3392 appellatur.
794 3329 886 3380 Dorum
912 3331 948 3382 ist
967 3333 1031 3383 euch
1050 3341 1094 3382 aut
1112 3323 1287 3380 commumoni

231 3401 300 3450 nieht
317 3410 388 3464 atque
407 3417 427 3450 e.
447 3413 479 3448 zu
496 3395 635 3448 schreibon.

302 3464 353 3526 78.
385 3471 519 3530 Mnemon.
556 3465 614 3528 Vel.
634 3466 696 3516 iiber
717 3465 843 3516 diesolbon
860 3467 967 3519 Aristot.
986 3467 1059 3518 Rhoe.
1077 3464 1121 3517 111.
1142 3468 1187 3530 143
1212 3463 1285 3528 Quint.
1355 3479 1356 3486 ¹

231 3538 273 3593 IV.
290 3542 323 3606 Ι1,
343 3553 379 3588 or.
398 3539 440 3602 36,
460 3539 523 3589 124:
533 3537 659 3598 preeunte
677 3539 812 3587 uerecunda
829 3536 1044 3601 (zoriiokholtead,
1061 3535 1110 3585 uie
1129 3535 1159 3586 do
1173 3549 1207 3586 or.
1220 3533 1237 3584 1.
1250 3532 1283 3590 37,
1355 3551 1356 3566 ¹

231 3610 304 3672 171),
328 3624 379 3658 non
402 3611 469 3658 elatio
491 3609 587 3655 e'neema
609 3607 698 3666 verbu,
723 3608 766 3654 ead
787 3615 879 3657 aenea
903 3610 1024 3658 renuntiet
1043 3610 1080 3656 uel
1097 3608 1132 3655 ad
1149 3606 1284 3670 offensiorem
1355 3625 1356 3650 t

230 3680 418 3728 amusement
436 3679 470 3726 ad
485 3677 776 3725 eommendate’onem
794 3679 840 3726 eui.

298 3756 355 3807 apta
372 3747 458 3807 nertio,
477 3743 516 3794 dio
529 3742 675 3807 Congroonz
687 3756 736 3791 von
752 3741 835 3794 Inhalt
845 3743 895 3794 und
910 3743 985 3793 Form
998 3741 1178 3794 bezeichnond:
1196 3735 1282 3800 bourie,

231 3813 283 3878 vgl.
305 3817 344 3876 13,
365 3816 411 3866 56:
429 3817 506 3864 verbu
523 3820 633 3875 opturet
647 3828 756 3874 preoeue.

298 3899 425 3933 eumarum
448 3886 559 3945 propria.
596 3879 654 3945 Vgl.
672 3877 714 3930 111.
733 3881 780 3946 27,
806 3883 868 3934 106:
901 3882 1102 3942 loti—proprie*
1124 3881 1283 3932 oaruorumti

190 3997 195 4024 ¹
230 3954 523 4085 inigrmiefimtlegmm
541 3953 630 4002 nereio.
666 3947 712 4025 Die
730 3949 824 4000 niihore
841 3947 1004 4014 Ausliihrung
1021 3949 1102 4000 dieses
1120 3949 1219 4000 Theilos
1234 3943 1283 3995 eber

242 4037 255 4069 ⁰
313 4035 353 4070 01¹8
417 4053 425 4071 ι
469 4059 475 4072 ι
