2814 4526
344 314 387 366 1111
407 315 569 381 charonti,
587 317 630 370 lib.
645 317 663 370 l.
681 334 735 386 cap.
749 321 789 373 58.
808 320 978 381 §cut—249.
1136 321 1198 388 137

124 471 246 536 inventa
267 493 357 538 nosse
380 472 502 546 debere,
534 490 597 533 non
625 472 707 534 rides
736 482 849 535 veteres
877 473 955 554 leges
975 483 1025 536 ant
1047 476 1126 555 ipsas
1147 497 1200 540 sua

125 566 270 621 vetustate
293 559 484 623 consenuisse
512 566 562 619 ant
589 558 675 619 novis
699 558 812 638 legibus
841 577 905 620 esse
926 559 1076 622 sublatas?
1112 563 1199 636 Quod

126 661 198 704 vero
218 646 300 708 viros
323 647 420 706 bonos
441 644 506 704 iure
528 642 603 705 civili
624 643 687 704 lieri
709 653 812 724 putas,
840 646 908 722 quia
929 646 1041 724 legibus
1064 656 1092 708 et
1111 667 1198 728 prae-

125 728 184 789 mia
205 732 359 811 proposita
380 729 439 791 sint
460 728 617 790 virtutibus
638 737 667 789 et
690 729 832 808 supplicia
855 729 944 805 vitiis,
973 731 1109 810 equidem
1139 752 1198 813 pu-

125 813 223 875 tabam
246 817 386 878 virtutem
407 813 594 886 hominibus,
624 813 649 875 si
671 814 761 875 modo
783 815 858 876 tradi
879 816 991 876 ratione
1012 818 1120 896 possit,
1149 819 1198 880 in-

130 899 280 962 stituendo
297 909 326 964 et
339 898 555 981 persuadendo,
577 917 639 959 non
660 899 748 960 minis
765 909 793 961 et
807 901 835 961 vi
855 919 888 960 ac
911 913 990 962 rnctu
1005 903 1088 964 tradi.
1124 905 1199 966 Nam

126 983 228 1063 ipsum
253 987 373 1067 quidem
394 984 464 1045 illud
488 984 573 1044 etiam
596 985 659 1045 sine
681 985 849 1064 cognitione
871 987 953 1060 iuris,
973 1004 1062 1064 quarn
1083 988 1121 1050 sit
1134 989 1197 1050 bel·

125 1067 188 1131 lum
211 1089 315 1133 cavere
336 1070 462 1143 malum,
484 1069 559 1130 scire
581 1087 751 1147 possumus.
794 1072 836 1132 lle
858 1081 1024 1132 meantem
1046 1073 1128 1152 ipso,
1151 1075 1198 1136 cni
1212 1089 1273 1142 248.

127 1156 180 1216 uni
201 1165 235 1218 tu
259 1155 405 1228 concedis,
434 1163 467 1216 ut
497 1155 560 1216 sine
583 1155 640 1215 ulla
660 1155 733 1216 iuris
756 1155 874 1217 scientia
893 1166 991 1218 tamen
1012 1159 1108 1220 causis
1129 1162 1198 1222 satis

127 1241 224 1302 facere
239 1237 365 1322 possim,
384 1239 436 1302 tibi
456 1240 523 1312 hcc,
544 1239 655 1312 Crasse,
677 1241 854 1319 respondeo,
876 1260 973 1321 neque
993 1261 1040 1304 me
1055 1263 1197 1323 umquam

126 1325 172 1386 ius
196 1328 281 1389 civile
311 1327 447 1388 didicisse
475 1343 572 1402 neque
601 1333 697 1386 tamen
719 1327 750 1386 in
771 1326 806 1387 iis
829 1328 942 1400 causis,
974 1347 1046 1407 quas
1074 1329 1106 1389 in
1132 1331 1208 1392 iure

124 1428 248 1489 possem
270 1412 439 1484 defendere,
460 1427 602 1489 umquam
623 1410 708 1471 istam
725 1411 875 1473 scientiam
888 1413 1076 1475 desiderasse.
1110 1415 1196 1478 Aliud

126 1506 171 1557 est
190 1498 272 1559 enim
292 1517 357 1559 csse
377 1496 516 1559 artificem
539 1495 691 1558 cuiusdam
710 1497 825 1576 generis
848 1507 934 1576 atque
957 1500 1035 1575 artis,
1067 1501 1144 1562 alind
1165 1502 1197 1562 in

126 1581 282 1644 communi
299 1584 356 1644 vita
377 1591 406 1644 ct
423 1581 533 1660 volgari
562 1581 716 1642 hominum
747 1583 959 1644 consuetudine
986 1603 1041 1644 nec
1062 1586 1195 1649 hebetem

124 1685 179 1727 nec
209 1668 328 1728 rudem
371 1667 425 1729 Cui
451 1674 587 1726 nostrum
607 1666 674 1727 licet
695 1667 805 1727 fundos
832 1678 952 1729 nostros
974 1669 1056 1730 obire
1078 1679 1127 1732 aut
1148 1691 1196 1733 res
1210 1682 1270 1733 249.

125 1753 252 1815 rusticas
280 1754 328 1814 rel
354 1756 468 1814 fructus
504 1769 589 1811 cansa
617 1752 662 1811 vel
688 1751 885 1814 delectationis
918 1751 1067 1815 inviseret
1098 1765 1195 1817 tamen

124 1855 215 1898 nemo
238 1848 299 1899 tam
321 1839 383 1900 sine
406 1835 514 1909 oculis,
541 1846 601 1898 lam
623 1837 804 1898 sinementc
825 1837 909 1912 vivit,
942 1840 1065 1919 utquid
1089 1841 1126 1902 sit
1146 1861 1195 1903 se-

124 1924 233 1985 mentis
256 1943 291 1984 ac
313 1905 427 1996 messis,
451 1922 520 2000 quid
542 1922 683 1983 arborum
704 1923 814 2000 putatio
837 1943 871 1984 ac
891 1923 1010 2000 vitium,
1038 1943 1099 2003 quo
1118 1937 1194 1987 tern-

123 2025 198 2088 pere
219 2009 291 2070 anni
312 2017 361 2069 aut
383 2026 444 2087 quo
466 2006 555 2067 modo
579 2026 611 2068 ea
633 2008 702 2068 fiant
724 2009 846 2069 omnino
868 2009 985 2070 nesciat.
1013 2011 1115 2071 Num
1107 2011 1196 2090 rgitur

122 2094 148 2154 si
171 2092 223 2172 qui
245 2095 358 2168 fundus
380 2091 581 2171 inspiciendus
606 2094 701 2154 anisi
726 2094 925 2155 mandandum
954 2095 1060 2173 aliquid
1083 2115 1194 2175 procu-

121 2181 214 2241 ratori
247 2179 284 2241 de
314 2179 375 2260 agri
404 2179 515 2240 cultura
543 2185 593 2238 ant
618 2177 824 2257 imperandum
849 2180 933 2241 vilico
967 2189 1028 2253 est,
1065 2181 1197 2263 Magonis

195 2336 303 2392 iuuenta,
320 2331 376 2382 hier
392 2331 418 2380 in
438 2329 567 2381 weltonem
585 2329 661 2381 Sinna
678 2331 717 2381 als
738 2333 777 2395 ts,
798 2335 842 2385 842
865 2331 973 2397 geistige
988 2329 1159 2398 Ercengnisse.

194 2418 245 2452 unu
264 2404 338 2464 uideo,
364 2399 433 2449 nicht
451 2416 531 2450 unum
546 2403 626 2464 01400,
653 2415 694 2449 unt
718 2400 765 2451 den
781 2400 902 2452 Unwillen
926 2402 986 2452 oder
1012 2400 1052 2453 die
1069 2403 1196 2454 Verwun-

122 2470 220 2533 derung
238 2485 270 2519 zu
289 2467 447 2520 bezeichnen.

193 2543 267 2600 hiae,
290 2539 314 2589 d.
333 2538 358 2587 h.
378 2538 441 2587 ohne
462 2535 517 2586 eine
535 2535 637 2586 iussere
657 2535 853 2602 Veranlessnng,

195 2617 323 2658 eunome.
353 2606 432 2654 durch
454 2605 493 2656 die
512 2603 598 2668 Liinge
625 2605 669 2655 der
686 2605 756 2670 Zeit3
785 2623 816 2657 zu
839 2612 988 2659 consenuisse
1005 2609 1055 2673 vgl.
1073 2607 1104 2660 ll
1124 2613 1148 2672 2,
1165 2615 1195 2663 l:

124 2679 182 2727 laun
198 2693 281 2726 eurum
298 2680 346 2726 iam
359 2691 437 2737 prope
453 2689 581 2725 menceus

193 2749 217 2794 ni
232 2748 315 2795 modo:
340 2743 540 2794 beschriinkend:
573 2756 644 2792 wenn
664 2743 753 2793 andans
771 2744 808 2796 od
829 2760 901 2795 nenn
920 2745 1068 2812 iiberbaupt,
1085 2746 1133 2797 wie
1152 2751 1225 2810 tt,-

122 2811 530 2876 204;Π.38,157;43,182;
549 2810 593 2860 des
612 2807 682 2863 Priis.
697 2816 784 2875 ponat,
802 2812 862 2862 weil
879 2813 923 2864 del
943 2813 1090 2865 Zweilel
1067 2830 1109 2865 ern
1131 2822 1196 2866 stets

119 2881 295 2945 berechtigter
312 2881 353 2930 ist.

189 2954 301 3002 rotrone:
319 2949 345 2999 in
364 2945 618 2999 wissenschahlicher
635 2946 717 2998 Form.

192 3036 221 3069 ae
236 3028 301 3069 mnu
319 3017 464 3068 bezeichnet
481 3016 520 3068 die
539 3015 617 3080 Fulge
635 3017 679 3067 der
697 3016 785 3068 beiden
806 3019 1026 3083 vorhergebenden
1044 3020 1159 3086 Begrilie.

190 3105 264 3152 quum
281 3089 415 3138 cutellum
433 3103 497 3136 em.
544 3085 625 3138 Ueber
648 3085 687 3135 die
706 3085 821 3150 Stellnng
840 3089 884 3138 des
907 3103 1002 3152 genuen
1020 3089 1108 3140 Setzes
1132 3107 1150 3142 s.
1169 3107 1191 3140 z.

118 3159 145 3220 9,
165 3159 259 3209 37:13.
278 3158 360 3217 Bruti,
381 3155 449 3220 iiten,
461 3154 501 3205 die
521 3170 571 3204 von
587 3158 619 3205 nit
638 3170 660 3205 z.
680 3159 722 3218 44,
742 3157 798 3208 191.

189 3227 249 3278 248.
286 3227 313 3274 iu
328 3229 391 3284 iure,
411 3240 431 3273 s.
449 3239 470 3272 z.
492 3224 531 3286 10,
550 3225 580 3276 41
602 3240 626 3276 u.
644 3224 685 3275 42.

190 3297 320 3356 urthicem:
344 3291 383 3344 ein
402 3291 654 3356 Snchverstiindigec,
674 3291 876 3357 Fnchkundiger,
895 3294 943 3346 wie
967 3295 1006 3357 12,
1025 3297 1071 3357 513
1087 3297 1191 3360 neuere,

115 3363 168 3413 wie
188 3365 230 3424 22,
251 3363 309 3414 104.

188 3433 297 3491 hebetem,
318 3427 398 3480 iiiters
415 3428 461 3478 mit
477 3432 550 3480 rudia
568 3430 818 3494 zusammengestellt,
837 3431 886 3483 wie
905 3432 934 3483 de
948 3432 998 3483 div.
1017 3429 1047 3481 ll.
1067 3435 1108 3495 50,
1130 3432 1191 3483 103:

116 3503 256 3562 Epicurum
271 3502 374 3549 induem
390 3507 412 3549 ct
427 3499 511 3548 000ιί000
531 3500 608 3548 dicere
625 3501 700 3549 colent
716 3501 797 3550 Stoici.

190 3571 248 3621 249.
273 3571 346 3626 obire,
365 3567 412 3616 mit
428 3566 511 3630 Bczug
528 3564 574 3616 auf
586 3568 627 3630 38,
649 3569 710 3619 173:
729 3572 821 3620 iudicia
834 3572 932 3630 priuata
949 3585 1090 3634 annonarum
1108 3583 1191 3618 recum

116 3639 192 3700 obvie,
210 3651 251 3685 wo
269 3636 323 3686 dies
342 3635 452 3686 Verbum
469 3635 494 3684 in
514 3635 655 3685 iibnlichem
673 3635 749 3687 Sinne
767 3638 903 3701 gebraucht
923 3637 964 3686 ist.

184 3709 352 3768 procuratori:
381 3703 534 3764 Ver-walter,
554 3704 599 3754 der
617 3703 657 3754 die
675 3703 754 3755 Stella
773 3706 815 3755 des
834 3706 958 3756 Besitzers
977 3703 1090 3768 vertritt,
1107 3709 1189 3758 00110οε

117 3773 197 3837 Vogt,
216 3773 308 3824 diesem
325 3773 521 3837 untergeordnet
541 3773 591 3822 uid
609 3771 733 3824 hniseber
752 3775 794 3824 des
815 3773 943 3824 Gesindes.

188 3841 262 3906 Mago
281 3842 304 3893 d.
325 3839 377 3903 Gr,
404 3842 548 3905 Begriinder
574 3842 618 3891 der
636 3841 830 3907 kanhngischen
848 3842 940 3905 Maeht,
961 3842 1191 3896 10110001ὅὸ0-

120 3913 171 3962 000
189 3925 213 3961 v.
233 3910 290 3960 Chr.
308 3912 360 3960 und
376 3908 501 3962 verlnsste
520 3909 560 3960 ein
578 3926 678 3974 grosses
696 3910 779 3961 Werk
802 3909 863 3961 iiber
880 3911 926 3961 den
946 3909 1064 3961 [nodbnu
1082 3915 1137 3974 (nus
1156 3915 1190 3966 28

118 3977 218 4028 Biinden
234 3977 388 4046 bestebend)‚
407 3978 516 4029 welches
539 3981 605 4029 noch
624 3980 670 4030 der
686 3979 840 4044 Zerstiirnng
858 3977 1010 4045 linrthngo's
1030 3978 1076 4031 nul
1089 3981 1190 4033 Veran-
