2756 4520
194 287 235 351 ω
409 287 1041 356 mmmmmmwmwm

196 461 261 502 care
275 451 324 503 aut
337 443 394 503 hoc
408 443 551 504 Arcesilae
566 444 656 505 modo
673 453 701 504 et
708 444 850 506 Carneadi
865 453 969 506 contra
983 463 1091 518 omne,
1100 447 1182 525 quod
1191 465 1271 525 pro-

195 528 323 606 positum
337 529 383 600 sit,
397 527 527 601 dissuat,
542 529 698 608 quiquead
707 537 771 590 eam
781 530 926 590 rationem
939 529 1270 610 adiungathuncusum

196 613 486 691 exercitationemque
508 614 633 688 dicendi,
654 613 679 675 is
702 615 757 676 erit
778 633 882 692 verus,
905 616 931 676 is
953 619 1113 695 perlectus,
1134 617 1161 677 is
1183 617 1270 678 solus

149 728 153 734 ⁴
196 707 301 759 orator.
343 699 416 758 Nam
438 717 535 778 neque
558 701 622 760 sine
643 699 814 761 forensibus
837 702 937 762 nervis
962 702 1031 762 satis
1055 702 1219 762 vehemens
1243 711 1273 764 et

195 782 290 861 gravis
311 801 366 843 neo
389 783 452 844 sine
467 784 602 844 varietate
617 785 767 847 doctrinae
792 785 860 846 satis
877 786 987 864 politus
1010 795 1039 846 et
1059 788 1178 866 sapiens
1201 806 1272 848 esse

141 872 181 924 81.
196 877 293 928 orator
304 875 408 946 potest.
443 869 540 942 Quare
555 870 694 930 Coracem
710 871 800 931 istum
816 880 945 931 veterem
962 873 1110 950 patiamur
1124 891 1181 932 nos
1197 873 1268 952 qui-

195 953 262 1013 dem
277 954 373 1032 pullos
388 971 459 1014 suos
474 955 629 1015 excludere
643 956 674 1015 iu
686 956 767 1029 nido,
785 957 837 1034 qui
852 957 970 1018 evolent
984 957 1159 1020 clamatores
1171 959 1273 1019 odiosi

194 1057 227 1098 ac
243 1039 366 1112 molesti,
380 1039 624 1118 Pamphilumque
639 1042 739 1102 nescio
755 1059 845 1120 quem
855 1042 1025 1102 sinamusin
1040 1043 1144 1103 insulis
1156 1052 1271 1104 tantam

193 1143 256 1184 rem
281 1133 427 1202 tamquam
449 1125 569 1204 puerilis
591 1125 708 1186 delicias
729 1126 841 1205 aliquas
864 1127 1039 1206 depingere;
1070 1145 1190 1206 nosque
1212 1130 1274 1209 ipsi

194 1210 321 1270 hactum
336 1209 439 1287 exigua
454 1210 649 1289 disputatione
664 1211 794 1272 hesterni
811 1220 840 1272 et
854 1213 991 1273 hodierni
1011 1213 1067 1273 diei
1083 1221 1181 1273 totum
1198 1233 1271 1274 ora-

192 1295 265 1355 toris
282 1312 391 1354 munus
403 1295 590 1373 explicemus,
606 1296 677 1356 dum
694 1297 783 1357 modo
799 1297 845 1357 illa
860 1316 909 1358 res
924 1305 1002 1358 tanta
1017 1299 1063 1370 sit,
1079 1307 1114 1358 ut
1126 1299 1272 1362 omuibus

194 1379 438 1458 philosophorum
456 1380 546 1454 libris,
569 1400 646 1460 quos
669 1399 758 1443 nemo
776 1381 951 1460 [oratorum]
974 1385 1103 1444 istorum
1122 1402 1271 1463 umquam

194 1465 293 1544 attigit,
307 1466 519 1543 comprehensa
534 1485 598 1527 esse
614 1466 757 1527 rideatur.
794 1519 796 1526 .
972 1497 974 1500 ·
1076 1495 1080 1501 ·

281 1653 1272 1734 dmmmmmmmmmmmmmmu

195 1736 236 1788 fin.
249 1734 277 1786 Π.
294 1739 315 1796 1,
326 1741 354 1786 2:
376 1737 509 1799 (Socrates)
522 1741 685 1797 percontando
705 1747 775 1802 atque
793 1741 965 1802 interropondo
986 1743 1070 1790 elmere
1086 1741 1174 1788 solebat
1185 1757 1274 1791 meuse

195 1809 325 1868 opiniones,
352 1809 490 1869 quibuscum
508 1808 643 1870 disserebat,
667 1815 695 1856 ut
713 1811 747 1856 ed
770 1804 877 1872 (pogen)
895 1824 932 1870 eo,
959 1823 1020 1871 quae
1039 1810 1061 1856 ii
1078 1811 1273 1870 respondissent,

194 1878 291 1938 siquid
305 1877 432 1938 rideretur,
450 1878 544 1925 diruet.
582 1875 631 1932 Qui
647 1893 699 1925 snos
712 1891 766 1926 eum
784 1893 800 1924 a
812 1879 990 1937 posterioribus
1006 1893 1056 1927 nou
1073 1885 1134 1928 essu
1153 1887 1273 1939 retentus,

194 1946 317 1996 Arcesilas
335 1961 388 1994 euen
407 1949 523 1994 resecarit
536 1947 686 2007 instituitque
701 1954 730 1995 ut
749 1948 776 2007 ii,
799 1947 845 2007 qui
866 1961 891 1995 ss
908 1949 995 1996 audire
1012 1949 1105 2003 edunt,
1130 1951 1232 1997 nonde
1249 1965 1275 1998 ee

195 2023 341 2077 quaererent,
360 2016 402 2064 sed
417 2015 466 2074 ipsi
481 2017 585 2063 dicerent
600 2016 663 2076 quid
673 2018 789 2064 sentirent
793 2029 804 2072 ;
823 2017 889 2076 quod
899 2031 952 2064 oum
971 2016 1096 2074 dicissent,
1115 2017 1158 2064 ille
1170 2025 1274 2075 renem

194 2087 236 2132 sed
249 2099 301 2133 euru
318 2084 364 2146 qui
377 2084 514 2144 audiebant,
532 2085 614 2145 quood
625 2092 747 2144 poterent,
766 2083 925 2144 defendebant
940 2087 1082 2133 sententiam
1099 2099 1178 2134 mem.

279 2155 312 2201 ed
326 2168 377 2201 euru
393 2155 523 2201 rationem:
541 2166 571 2199 zu
585 2149 668 2201 dieser
685 2149 873 2200 theoretischen
892 2150 1005 2216 Bildung.

205 2263 206 2268 ,
278 2235 350 2271 serus
366 2245 401 2256 -
413 2221 536 2282 perfectus
553 2228 642 2271 orator.
664 2216 692 2268 In
710 2218 803 2269 diesem
821 2217 897 2270 Sinne
918 2219 1016 2284 spricht
1035 2217 1086 2268 Cio.
1109 2218 1173 2270 Lsol
1196 2221 1225 2283 6,
1241 2225 1274 2273 ut

194 2305 245 2342 von
262 2287 331 2338 einer
349 2304 406 2339 esre
428 2299 450 2338 et
467 2289 575 2351 perfecte
590 2292 703 2349 amimae,
723 2285 804 2337 woidr
819 2302 847 2338 er
862 2288 897 2338 de.
911 2288 952 2341 off.
965 2287 1008 2340 Ill.
1026 2291 1066 2352 tt,
1087 2289 1121 2340 69
1141 2289 1209 2338 auch
1225 2289 1276 2342 den

193 2357 323 2408 Ausdruck
330 2369 458 2421 parmenus
475 2357 595 2406 branchia
612 2360 666 2407 ueri
683 2359 748 2407 iuris
763 2373 936 2422 permaneatque
955 2361 1062 2408 iustitiae
1079 2360 1182 2408 solidam
1192 2368 1219 2408 et
1234 2377 1276 2410 err

190 2443 298 2488 pressam
315 2429 419 2491 effloum
438 2430 529 2476 nullom
545 2435 657 2487 ammes,
684 2426 805 2475 wiihrend
822 2429 944 2490 penuinus
969 2425 995 2474 in
1022 2426 1104 2475 dieser
1115 2426 1277 2492 ’Bedeutung

196 2493 382 2546 nachklass'uch
397 2493 440 2543 ist,

206 2595 207 2598 =
277 2565 418 2625 forensibus
439 2566 527 2614 nereis.
563 2562 622 2626 Vgl.
647 2578 684 2612 or.
706 2565 746 2625 19,
764 2564 812 2614 62:
842 2565 928 2612 barm
948 2563 1167 2624 (pbilosophorum)
1192 2571 1277 2617 oram

195 2649 271 2696 neque
287 2647 462 2694 amoenoque
478 2635 569 2682 oeuleos
587 2637 690 2683 oratore
709 2649 738 2682 eo
746 2634 859 2697 forensis
876 2633 951 2682 babet.
1081 2673 1084 2676 .

237 2735 238 2740 =
282 2702 323 2752 81.
342 2704 461 2752 desuem:
485 2700 525 2750 cin
542 2700 714 2766 Syracusanas
736 2715 777 2749 um
797 2702 846 2752 420
864 2714 888 2749 v.
907 2698 975 2764 Chr,
1000 2705 1082 2750 ersten
1101 2699 1200 2751 Lehror
1229 2703 1278 2754 der

195 2769 389 2820 Beredsamkeit.

278 2841 357 2899 pullos
373 2856 393 2889 s.
411 2857 440 2901 a,
464 2837 550 2887 womit
570 2836 620 2887 Cic.
641 2835 686 2887 aul
701 2837 788 2887 seinen
806 2835 902 2887 Numen
919 2829 962 2888 Κό
983 2840 1017 2898 αξ
1033 2836 1152 2902 auspielt.

280 2911 424 2958 eumenes
442 2906 475 2956 So
491 2906 557 2957 wird
573 2907 636 2956 auch
654 2905 673 2957 l.
691 2906 795 2972 46,ζῖθῖ
815 2922 840 2957 u.
860 2904 891 2955 ll.
911 2907 952 2967 20,
965 2855 999 2958 {6
1018 2907 1073 2955 dem
1092 2911 1212 2958 inmmer-
1227 2909 1278 2961 der

152 2997 157 3004 =
196 2974 282 3024 walrro
300 2973 398 3024 Rednar
414 2982 631 3039 entgcgongesezt.
1006 3017 1008 3023 ,

281 3046 432 3105 Pamphilum
450 3050 628 3109 nescioquem:
651 3043 723 3093 einen
748 3057 775 3092 so
801 3041 921 3092 ohscuren
945 3041 1021 3092 Manu
1044 3042 1093 3093 wie
1112 3041 1276 3112 Pamphilus,

198 3111 249 3176 vgl.
268 3109 287 3160 l.
306 3116 351 3176 20,
366 3114 411 3164 til:
434 3129 486 3164 euru
508 3123 621 3175 repeteret
637 3129 711 3176 usque
726 3129 742 3161 e
762 3115 847 3162 Cornu
865 3115 942 3161 neseio
960 3128 1006 3174 quo
1025 3120 1047 3162 et
1068 3114 1148 3162 Tura.
1176 3109 1275 3164 Cicero

197 3178 268 3232 wirit
284 3179 340 3230 hier
354 3180 417 3230 awai
435 3181 540 3232 Minnar
560 3182 688 3240 desselben
707 3178 815 3230 Nameus
835 3194 985 3242 zusammen,
1004 3179 1077 3230 einen
1095 3179 1201 3244 Rhetar,
1223 3183 1277 3234 den

197 3249 347 3300 Aristoteles
367 3251 431 3301 rhet.
449 3248 479 3305 ll.
497 3253 529 3304 23
554 3252 678 3310 armabat,
701 3249 751 3299 und
768 3247 841 3298 einen
860 3246 949 3313 Malea,
974 3248 1084 3298 welohor
1102 3247 1199 3299 Lehrer
1230 3251 1278 3302 des

196 3318 297 3385 Apelles
312 3335 374 3369 war.
395 3316 509 3370 Gemeint
525 3319 568 3382 ist,
588 3321 644 3368 dass
663 3317 703 3368 die
721 3315 931 3368 hcrkb'mmlichan
951 3315 1127 3366 Vorschrilten
1146 3317 1213 3367 iiber
1234 3321 1277 3372 die

196 3387 383 3439 Beredsamlxeii
400 3388 433 3438 im
451 3387 552 3438 Grande
572 3405 619 3438 nur
636 3386 791 3452 Spiclereieu
814 3385 890 3451 soien,
915 3385 1012 3435 welche
1030 3385 1071 3436 die
1089 3383 1205 3450 Auigabe
1230 3389 1278 3440 des

196 3457 308 3508 Rodoers
332 3456 437 3508 weitaus
464 3457 533 3506 nicht
550 3454 696 3522 ersohbpfen
713 3455 832 3514 kbnnten,
857 3453 940 3518 gleich
966 3454 1012 3504 don
1032 3451 1077 3504 aul
1093 3455 1213 3504 Bindern
1232 3455 1278 3508 frix·

197 3525 292 3576 blindan
311 3524 483 3577 cntworfenen
502 3525 707 3576 unbcdeutendcn
726 3522 870 3574 Maleueien.

281 3598 391 3646 omnibus
406 3598 604 3656 pbilosophorum
623 3594 700 3658 tibris,
718 3593 742 3643 d.
754 3594 779 3646 h.
798 3593 856 3642 dass
873 3589 914 3641 fiir
935 3591 982 3642 den
1000 3590 1099 3642 Redner
1120 3591 1160 3641 die
1171 3589 1279 3646 Henat-

198 3663 249 3713 niss
267 3665 309 3714 des
324 3662 562 3728 Gesammtgebiotes
581 3664 625 3713 der
639 3661 798 3727 Philosophia
817 3657 983 3710 erforderlich
1001 3659 1037 3710 ist
1053 3659 1103 3708 und
1116 3660 1228 3712 letztcre
1242 3663 1278 3714 im

198 3729 298 3783 Grande
316 3733 362 3782 snit
386 3733 430 3782 der
447 3730 635 3783 Beredsamleit
659 3727 873 3781 zusammeni'aillt:
896 3727 1011 3780 derselhe
1031 3726 1150 3779 Godanlxe
1169 3727 1223 3782 wie
1245 3731 1277 3783 ll.

201 3803 223 3862 1,
243 3803 272 3852 b:
289 3807 407 3852 nerninem
424 3805 558 3865 eloquentie
574 3817 624 3850 uon
643 3803 710 3850 modo
727 3803 779 3849 sine
795 3800 890 3850 dicendi
907 3801 1022 3862 moine,
1041 3799 1084 3848 sed
1100 3815 1129 3847 ns
1139 3802 1190 3848 sine
1203 3806 1280 3852 omui

196 3873 294 3934 quidem
311 3874 428 3932 sapentia
439 3873 531 3933 florere
546 3885 660 3933 umquam
676 3879 698 3918 et
710 3876 833 3930 praestare
848 3871 965 3928 potuisse,
985 3883 1007 3916 u
1027 3867 1049 3916 ii.

283 3948 351 3990 tante
369 3942 400 3990 sit
417 3960 452 3980 =
469 3948 535 3988 tante
550 3941 674 3990 tormer.
