2826 4520
343 332 385 382 na
407 331 569 398 carroco,
588 333 631 384 nc.
645 331 664 384 r.
686 349 739 400 up.
758 335 798 386 ae.
819 337 991 397 erar—roa.
1143 333 1202 401 107

54 529 59 534 -
123 490 165 550 ite
186 497 294 549 tenere
311 488 358 550 ius
381 489 472 560 civile,
494 497 527 550 ut
548 490 583 562 ei,
606 508 674 550 curn
695 490 731 550 ab
754 490 811 550 hoc
834 491 1033 567 discesseritis,
1058 509 1146 552 nonio
1167 493 1203 554 de

123 574 172 646 ile,
195 575 248 653 qui
269 574 439 652 peritissimi
462 584 539 647 sunt,
562 573 779 653 anteponatur?
801 576 906 636 Omnia
929 586 999 638 sunt
1013 577 1092 637 eninr
1109 579 1201 656 posita
1220 587 1275 639 192.

122 669 194 720 ante
218 660 338 732 oculos,
368 660 506 721 collocata
528 660 559 720 in
582 679 638 721 usu
660 661 822 732 cotidiano,
850 661 881 722 in
908 663 1117 742 congressione
1145 664 1202 722 lao-

123 745 244 806 minum
267 753 354 824 atque
376 746 408 806 in
434 748 516 816 loro;
539 763 636 824 neque
651 747 688 807 ita
703 747 802 808 multis
823 747 924 808 litteris
940 756 989 809 atrt
1003 748 1202 809 voluminibus

123 830 242 910 maguis
268 831 465 892 continentur.
516 831 626 892 Eadern
649 831 729 891 euim
752 833 822 892 cleta
850 841 919 892 sunt
941 835 1071 911 primurn
1095 854 1111 894 a
1134 836 1202 912 plu-

123 916 227 988 ribus3
262 915 369 976 deintle
391 917 493 994 paucis
511 915 608 990 verbis
632 918 817 978 commutatis
841 919 925 980 etiarn
945 920 980 979 ab
1000 920 1105 980 iisdem
1127 920 1202 979 sori-

122 1001 263 1080 ptorihus
286 1002 393 1080 scripte
416 1011 486 1063 sunt
507 1002 633 1079 saepius.
659 1002 797 1063 -Acoetlit
811 1022 891 1074 vero,
914 1022 973 1082 quo
994 1005 1109 1065 facilius
1131 1023 1201 1084 per·
1218 1019 1274 1069 lue.

122 1087 185 1165 cipi
207 1088 408 1166 cognoscique
430 1087 478 1147 ius
500 1087 582 1147 civile
604 1087 712 1166 possit,
746 1088 827 1166 quod
855 1089 976 1150 minime
999 1091 1130 1168 plerique
1152 1110 1200 1149 ar-

122 1173 284 1252 bitrantur,
307 1173 379 1232 mira
396 1172 540 1252 quaedam
561 1172 592 1232 in
615 1174 822 1252 cognoscendo
844 1175 970 1236 suavitas
994 1186 1021 1236 ct
1041 1176 1200 1236 delectatio.

124 1259 210 1328 Nam,
233 1257 295 1317 sive
314 1275 404 1336 quern
428 1259 499 1318 hacc
520 1258 637 1319 Aeliana
661 1258 756 1319 studia
778 1259 936 1332 delectant,
959 1261 1086 1340 plurima
1108 1271 1150 1321 est
1174 1272 1201 1320 ot

123 1343 156 1403 in
181 1343 265 1404 omni
293 1343 358 1403 iure
385 1343 460 1404 civili
491 1352 519 1404 et
547 1344 577 1403 in
608 1344 781 1422 pontificum
808 1345 890 1406 libris
920 1347 998 1407 etin
1021 1347 1074 1407 Xll
1096 1347 1201 1406 tabulis

122 1427 305 1506 antiquitatis
329 1427 452 1508 effigies
483 1429 563 1508 quod
585 1439 613 1490 et
635 1429 795 1490 verborum
819 1439 946 1493 vetustas
969 1431 1065 1510 prison
1088 1451 1201 1511 cogno-

122 1515 217 1574 scitur
245 1523 274 1574 et
295 1514 443 1575 acuonurn
474 1533 581 1593 genera
611 1515 754 1592 quaedam
781 1516 928 1578 maiorum
956 1518 1201 1578 consuetudi-cern

193 1684 225 1732 ab
243 1685 295 1744 hoc,
318 1682 390 1731 nernl.
408 1681 525 1732 Sciirola.

197 1752 254 1802 192.
289 1754 368 1812 positu
386 1762 442 1803 ante
461 1756 539 1802 cattos
557 1757 604 1802 cct.
639 1751 762 1802 Achnlich
788 1752 852 1804 wird
874 1755 897 1816 3,
920 1756 949 1806 12
973 1753 1037 1804 iiber
1061 1756 1101 1804 die
1120 1754 1201 1805 lluust

120 1820 168 1868 der
187 1819 257 1869 Rcrlo
276 1820 420 1884 geurthcilt.

195 1904 272 1952 neque
296 1893 329 1938 ita
350 1893 432 1940 multia
457 1891 617 1952 litteteras,
645 1889 705 1938 weil
729 1905 816 1940 ausser
833 1891 887 1940 'den
913 1887 1125 1941 Prozesslornrelu
1151 1894 1200 1940 unu

123 1957 181 2006 dein
202 1953 436 2022 zwetttotcrgeserz
456 1974 501 2006 nur
521 1959 584 2006 noch
602 1957 642 2008 die
663 1958 836 2024 prtitorischen
854 1958 942 2008 Etlicte
961 1960 1011 2008 aad
1032 1960 1129 2024 wenige
1149 1959 1200 2009 Ge-

121 2031 195 2076 setae
213 2025 238 2074 iu
260 2025 379 2076 Betruclrt
397 2027 492 2076 humen.
529 2026 588 2090 Vgl.
608 2043 629 2093 p.
651 2026 715 2077 Mur.
739 2031 776 2086 13,
796 2030 843 2080 28:
867 2031 979 2094 diffictus
996 2038 1075 2078 autem
1093 2045 1131 2080 res
1150 2033 1200 2079 letto

121 2111 175 2144 uon
188 2104 302 2156 putatur,
321 2100 388 2159 quod
403 2105 424 2145 et
439 2100 566 2158 perpaucis
586 2106 608 2147 et
626 2100 723 2146 minime
742 2100 847 2148 obscuris
865 2101 952 2148 litteris
969 2101 1111 2148 continetur.
1146 2100 1199 2148 Itu·

121 2180 184 2228 quc,
216 2166 240 2212 ai
255 2166 317 2212 malai
333 2165 428 2214 lumini
442 2168 587 2215 vehementer
605 2176 715 2227 occupato
739 2170 884 2216 stomachum
902 2171 1038 2228 uaooua'tr'a,
1065 2171 1144 2216 triduo
1166 2185 1201 2216 mo

122 2236 344 2282 iureconsultum
364 2251 412 2284 ease
425 2237 562 2296 profitebor.

194 2306 266 2366 elatu,
287 2302 338 2365 vgl.
357 2303 397 2364 24,
419 2304 479 2353 lll:
498 2305 609 2366 efferatis.

189 2373 323 2432 pluribus,
344 2370 393 2420 wie
415 2385 435 2426 z,
453 2371 479 2423 B.
499 2372 553 2421 dem
572 2371 664 2421 Sextus
685 2370 771 2421 Aelius
790 2371 866 2422 Catus
885 2371 937 2438 (45,
960 2370 1027 2436 198),
1055 2371 1117 2422 Cato
1137 2373 1201 2422 Cec-

122 2438 218 2502 sorius‚
239 2438 410 2490 ‹lea-Muciorn
425 2455 448 2488 u.
463 2455 500 2502 a.3
521 2445 629 2502 sumtus:
649 2455 680 2489 an
695 2441 891 2491 versclricdeaen
905 2440 1002 2490 Stelleu
1016 2441 1086 2491 ihrer
1096 2439 1199 2493 Werlre.

199 2510 255 2560 193.
287 2511 383 2570 percipi
408 2515 572 2573 cerneretque,
600 2509 640 2558 ein
668 2506 782 2579 ὕστερον
807 2503 961 2581 πρότερον,
992 2510 1041 2559 strio
1068 2513 1109 2575 35,
1138 2513 1201 2562 161:

122 2593 193 2628 erosae
216 2587 289 2641 atquo
304 2581 397 2628 uidisse.
434 2577 478 2628 llic
496 2590 620 2642 genauere
640 2575 784 2642 Wortlolgc
802 2581 870 2628 steht
888 2583 930 2642 47,
952 2581 1010 2632 204.

195 2649 304 2696 Aeliana
320 2651 411 2698 studeo:
443 2646 483 2696 uie
507 2645 897 2712 philologiselr-gremmatischcn
915 2646 1032 2708 Studien,
1063 2647 1202 2711 bcgriiudet

126 2731 179 2764 ron
200 2714 229 2766 L.
248 2713 335 2764 Aelius
354 2713 418 2764 Stilo
446 2716 507 2766 oder
524 2714 693 2777 Priiconinns,
721 2717 775 2766 deur
795 2715 888 2766 Lehrcr
913 2716 956 2765 des
974 2716 1053 2765 tlurch
1074 2716 1114 2766 die
1133 2717 1201 2766 uiu-

124 2783 259 2848 seitigkeit
283 2783 367 2834 seiuer
391 2783 497 2848 llilrluag
521 2784 663 2834 bekanuteu
690 2784 723 2834 Μ.
744 2782 878 2834 Terentius
901 2784 984 2834 Varro
1011 2785 1060 2833 und
1085 2785 1201 2836 Cicero'se

124 2851 186 2916 Vgl.
207 2852 276 2902 Brut.
297 2855 337 2914 56,
362 2855 424 2904 205:
459 2856 517 2904 rust
534 2858 556 2903 is
576 2857 672 2902 mantuo
690 2859 729 2903 νίν
746 2859 853 2918 cpreqiue
876 2862 898 2903 ct
919 2870 987 2916 eques
1004 2857 1126 2904 Ronaauue
1150 2873 1202 2904 caru

118 2925 213 2983 primia
236 2925 351 2972 Mutatus
376 2925 484 2986 t‘demquo
505 2925 682 2972 eruditissimus
705 2932 726 2973 et
746 2925 844 2972 Graecis
861 2926 947 2973 litteris
964 2933 986 2972 ct
1003 2925 1113 2984 Latinis,
1136 2929 1202 2974 onti-

122 2994 273 3054 qua'tatr'aque
296 3001 390 3041 nostrae
407 3003 428 3042 et
446 2997 472 3042 in
489 2995 594 3042 inventis
618 2993 777 3041 relucetis
801 2995 861 3042 actr'o
884 2996 1076 3055 satyrorumque
1098 3002 1202 3043 ceterum

122 3064 228 3110 litterate
240 3065 343 3121 pertita.
385 3059 433 3109 Mit
456 3064 511 3110 haec
528 3060 577 3109 soll
597 3059 682 3110 Aelius
705 3059 770 3109 Stilo
796 3061 833 3109 uls
851 3059 1012 3124 Zeitgeuosse
1032 3059 1075 3110 des
1096 3060 1201 3111 Crassus

121 3127 274 3178 bezeichnet
292 3129 392 3178 werneri

193 3199 305 3258 plurem
322 3207 355 3247 est
375 3225 402 3233 —
422 3199 573 3260 antiquitatis
591 3197 696 3260 cfflqiea:
715 3211 742 3246 es
763 3196 843 3247 biotet
862 3197 916 3246 sich
936 3197 976 3247 ein
996 3197 1093 3249 reiches
1110 3199 1202 3248 Absint

122 3265 177 3334 (ein
196 3267 256 3316 sehr
274 3270 360 3316 trcuer
376 3264 484 3331 Spicgcl)
505 3267 548 3314 dos
567 3264 722 3316 Alterthums
740 3267 792 3316 dar.

195 3339 224 3385 in
241 3339 308 3385 omns·
328 3340 382 3385 ture
403 3336 482 3385 ciuili:
516 3334 570 3382 also
591 3335 655 3384 auch
679 3334 704 3383 in
728 3335 774 3384 den
799 3335 862 3384 nach
888 3335 942 3384 dem
967 3333 1200 3398 Zwtlltalelgesctz

125 3403 191 3452 noch
209 3400 389 3466 lestgesetzton
410 3402 705 3466 Rechtsbostimmungea.

190 3477 338 3536 poutfficum
364 3475 439 3522 tibris
484 3470 523 3522 Du
546 3471 587 3521 hei
611 3473 657 3522 ‹len
682 3470 789 3522 illinere
815 3471 865 3521 elle
889 3470 1048 3522 titlentlichuu
1074 3471 1124 3520 und
1148 3472 1201 3520 ius-

125 3541 266 3592 bosoutlcre
285 3540 467 3606 gerichtlichen
479 3540 616 3604 Vorg'ange
635 3538 680 3589 ruit
692 3541 746 3590 tlcru
764 3539 978 3604 Religioaswesea
995 3555 1042 3604 eng
1058 3540 1200 3590 verbunden

123 3625 221 3674 waren,
244 3625 273 3660 so
291 3609 427 3660 euthielten
449 3609 489 3659 die
506 3613 565 3660 titre·
576 3613 718 3672 pontificum
744 3609 824 3675 (nicht
849 3625 881 3659 za
900 3608 1069 3659 verweclrscln
1089 3607 1134 3656 mit
1153 3609 1200 3658 den

123 3683 227 3730 annales
244 3683 352 3742 mactent,
377 3678 429 3742 agl.
448 3677 477 3728 ll.
500 3681 539 3744 12,
559 3680 603 3735 52)
627 3693 715 3728 ausser
735 3679 779 3728 don
799 3677 996 3741 Bostirnarungen
1014 3677 1075 3726 iiber
1090 3677 1134 3726 das
1153 3677 1201 3726 Sa-

123 3747 265 3797 crulweseu
292 3749 357 3797 anch
383 3748 432 3798 alle
455 3747 481 3796 in
516 3747 564 3797 den
588 3744 912 3811 Gcrichtsverlaaarllungen
941 3762 972 3795 zu
998 3745 1202 3796 beobachtendcu

123 3813 242 3869 Formela
262 3817 312 3865 nott
330 3813 489 3880 Ordnuagoa.
526 3814 625 3866 Livius.
637 3823 714 3866 neunt
731 3815 768 3866 sio
790 3815 833 3866 lV.
854 3818 877 3878 3,
896 3818 925 3867 9:
961 3818 1124 3866 commentarii
1139 3832 1204 3876 pott-

121 3887 146 3936 n·
175 3901 222 3934 mn.
536 3915 538 3920 .

135 3888 174 3948 fh
194 3963 298 4006 vetustae
313 3957 411 4016 prom.-
435 3953 475 4002 tlio
493 3951 706 4016 uagebrfluchlich
724 3951 872 4016 gewordene
893 3950 943 4001 alte
962 3949 1045 4014 Foru,
1064 3967 1085 4000 z.
1107 3953 1131 4005 Β,
1142 3956 1206 4004 'dutt

122 4019 166 4072 Γιῑι·
183 4027 282 4087 dederit,
302 4026 362 4074 endo
380 4021 421 4072 sur
440 4026 466 4072 iu
485 4039 509 4073 n.
529 4022 551 4074 a'.
