2756 4520
239 315 281 380 23
471 315 514 366 os
535 313 698 378 carrona,
716 313 761 367 rra.
781 314 823 366 ru.
841 330 894 381 up.
910 319 934 366 e.
951 316 1020 377 eos.
1039 319 1081 368 ss.

183 473 226 524 33.
239 479 408 532 nostrarum
426 471 543 532 aurium
559 470 695 532 satietate.
739 471 800 530 Nos
816 478 923 544 autem,
939 470 1120 548 quicumque
1136 471 1169 532 iu
1185 471 1294 531 dicendo

239 575 352 630 sumus,
368 559 507 634 quoniam
523 575 587 618 esse
601 557 698 634 aliquo
713 556 744 615 in
762 574 888 616 numero
905 554 988 616 robis
1003 556 1149 628 videmur,
1173 567 1251 618 certe
1264 567 1295 618 ta·

239 660 308 702 men
324 641 360 702 ab
374 642 462 704 huius
480 643 604 704 multum
621 659 727 720 genere
742 641 901 712 distamus;
930 639 1011 718 quod
1027 641 1112 720 quale
1128 641 1175 714 sit
1192 653 1296 703 nonest

238 745 338 787 meum
355 727 460 804 dicere,
486 737 641 807 propterea
657 727 736 805 quod
754 727 875 786 minime
893 725 947 786 sibi
962 726 1089 805 quisque
1106 736 1197 788 notus
1221 739 1262 789 est
1279 739 1296 788 et

238 812 407 873 difficillime
423 813 458 873 de
475 833 506 874 se
521 814 647 891 quisque
663 812 765 883 sentit;
781 812 832 871 sed
849 822 945 872 umen
962 811 1171 873 dissimilitudo
1186 814 1297 892 intellegi

238 907 334 976 potest
348 907 377 960 et
392 918 427 959 ex
444 907 541 958 motus
558 897 616 958 mei
632 897 830 958 mediocritate
847 905 920 958 etex
934 915 978 978 eo,
994 897 1084 975 quod,
1103 897 1297 976 quibusvesti·

239 982 291 1061 giis
308 983 437 1062 primum
460 983 560 1056 institi,
581 984 612 1043 in
628 983 663 1043 iis
678 985 740 1043 sere
755 983 835 1042 soleo
859 999 999 1061 perorare
1015 991 1043 1042 et
1059 983 1139 1060 quod
1163 984 1296 1063 aliquanto

239 1087 287 1128 me
301 1069 394 1129 maior
408 1069 439 1129 in
455 1069 552 1129 verbis
571 1068 710 1146 eligendis
725 1066 808 1128 labor
823 1077 851 1128 et
865 1087 934 1129 cura
952 1077 1071 1146 torquet
1086 1077 1248 1143 verentem,
1264 1089 1298 1140 ne,

239 1153 263 1213 si
278 1154 365 1231 paulo
381 1154 539 1214 obsoletior
547 1155 636 1214 tuerit
650 1153 752 1227 oratio,
768 1171 829 1213 non
839 1153 924 1231 digna
934 1153 1298 1230 exspectationeetsilentio

182 1242 224 1295 34.
239 1238 331 1298 tuisse
345 1239 485 1299 videatur.
516 1239 602 1312 Quod
619 1239 689 1298 siin
704 1237 800 1319 nobis,
816 1240 866 1317 qui
881 1239 1033 1308 adsumus,
1048 1247 1144 1299 tantae
1161 1240 1298 1301 dissimili·

238 1323 440 1400 tudinessunt,
463 1333 520 1384 tam
531 1333 625 1384 certae
633 1343 681 1384 res
691 1325 834 1402 cuiusque
842 1324 978 1402 propriae
988 1324 1054 1384 etin
1062 1342 1094 1384 ea
1104 1325 1299 1387 varietatesere

238 1408 342 1468 melius
356 1427 372 1468 a
387 1409 530 1470 deteriore
547 1410 681 1471 facultate
698 1409 789 1488 aegis
804 1426 893 1488 quam
909 1427 1016 1488 genere
1025 1409 1217 1488 distinguitur
1225 1421 1299 1488 atque

239 1511 327 1554 omne
339 1493 482 1567 laudatur,
497 1496 576 1572 quod
591 1495 623 1557 in
641 1513 695 1555 suo
712 1513 818 1574 genere
834 1496 998 1572 perlectum
1013 1504 1065 1568 est,
1089 1495 1161 1572 quid
1178 1497 1298 1574 censetis,

238 1613 445 1621 *κη-...-

323 1665 363 1716 33.
384 1668 505 1727 quoniam,
527 1663 549 1715 d.
568 1664 592 1714 h.
611 1679 664 1712 was
682 1662 722 1712 ich
740 1677 808 1727 sago,
826 1662 885 1712 weil
898 1679 945 1728 -ς
966 1679 1014 1715 esse
1033 1662 1069 1712 ist
1081 1663 1234 1715 absichtlich
1246 1681 1298 1714 vor-

237 1732 380 1796 angcstollt‚
400 1749 440 1782 um
458 1734 498 1783 dio
518 1731 753 1782 Thetsiichliehleit
771 1733 815 1781 dor
834 1729 943 1794 Geltung
962 1747 992 1781 zu
1013 1731 1129 1782 hetoneu.

324 1818 371 1852 esse
389 1806 470 1866 atiquo
489 1805 516 1852 e'n
537 1819 650 1852 numne:
677 1799 869 1864 einigermssseo
891 1800 917 1849 in
941 1801 1060 1850 Batracht
1077 1801 1203 1863 lenimen,
1226 1801 1298 1864 einige

236 1868 346 1934 Geltnng
364 1872 452 1936 haben,
473 1871 521 1920 wie
538 1885 573 1920 or.
597 1874 637 1930 til,
657 1871 720 1921 208:
743 1872 885 1934 quietique
906 1879 964 1920 esset
980 1875 1008 1920 e'n
1026 1887 1143 1933 numer03
1162 1871 1227 1920 auch
1245 1871 1298 1919 ohne

237 1939 270 2002 io,
293 1938 341 1989 uio
360 1938 549 1992 adlam.l.1tt:
568 1943 636 1990 celim
648 1942 726 1989 —s'be'
740 1941 810 1988 malie
827 1955 883 2001 esse,
902 1942 946 1989 nhe'
964 1943 1047 2002 aliquo
1064 1955 1165 1989 numero
1186 1945 1226 2002 sis,
1238 1956 1299 2002 quen

237 2011 297 2069 estio,
312 2012 354 2060 nts'
364 2013 428 2059 sotus
435 2013 622 2070 sapereutdeare.
641 2008 692 2056 nas
702 2005 851 2071 Gcgentlreil
862 2007 897 2056 ist
908 2011 1092 2058 essetnnnmero
1102 2012 1169 2058 nullo
1180 2025 1190 2059 .·
1204 2011 1243 2070 56,
1250 2009 1300 2059 213.
1349 1965 1351 2048 i

324 2081 509 2142 quicumques'n
528 2081 682 2138 otiosumne,
708 2077 772 2127 dh.
799 2075 847 2126 wie
866 2075 934 2126 kloin
954 2076 1014 2125 oder
1032 2075 1080 2126 wie
1099 2092 1182 2140 grass,
1210 2077 1257 2140 rgl.
1273 2075 1299 2126 ll.
1351 2053 1352 2130 i

237 2147 279 2210 28,
300 2147 362 2198 1223
379 2164 419 2210 epo
438 2151 467 2208 ts,
485 2151 530 2211 qni
547 2163 607 2209 enen,
625 2156 830 2210 quantuscumque
850 2161 903 2194 sum
920 2143 1215 2196 adiudicandum—sie
1230 2156 1297 2196 stetno
1352 2141 1353 2218 l

237 2225 258 2266 et
276 2217 370 2275 indiam
388 2214 405 2264 l.
419 2217 459 2276 30,
477 2218 538 2268 135:
559 2219 587 2266 de
607 2218 651 2266 nac
669 2231 728 2276 enea,
748 2217 964 2278 quantulacumque
981 2225 1022 2275 est,
1038 2217 1172 2277 falcultate
1184 2219 1296 2279 qnaeritis.
1353 2227 1354 2288 q

322 2287 351 2334 ab
368 2286 442 2334 luins
459 2289 559 2334 nenttnen
577 2301 661 2350 uenere
672 2287 728 2334 dist.
747 2282 806 2332 Hier
821 2282 870 2332 soll
885 2283 929 2332 dns
948 2282 1213 2346 eingesohobene
1233 2283 1298 2332 Vl'ort

236 2351 336 2402 stiirker
359 2351 447 2404 betont
470 2355 579 2420 scorteu,
605 2353 654 2402 wie
673 2350 693 2402 1.
715 2354 754 2415 10,
777 2353 824 2405 44:
852 2361 895 2402 tna
918 2357 1095 2414 plurimum
1121 2357 1200 2404 ualeat
1225 2355 1298 2403 oratio.

241 2420 340 2470 Andors
359 2420 421 2471 oben
442 2424 464 2486 l,
483 2426 510 2474 1:
529 2431 603 2472 morte
618 2426 732 2472 restincta
745 2423 830 2470 substa.

323 2493 387 2552 qnod
404 2495 473 2554 quate
490 2495 529 2552 sit,
554 2492 618 2540 dh.
637 2489 705 2540 diese
727 2492 850 2550 distentae,
876 2505 908 2538 zu
932 2490 1007 2539 deren
1030 2488 1208 2554 Bourtheilung
1231 2489 1298 2540 aller·

237 2557 310 2619 dings
326 2558 408 2622 einige
426 2557 560 2609 chutuiss
581 2559 664 2609 seiuer
676 2559 754 2608 selbst
771 2555 936 2608 erforderlich
953 2557 1001 2620 ἱεῖς
1020 2562 1240 2620 senttt==tndteat,
1258 2557 1297 2606 uie

236 2623 255 2675 Ι.
277 2628 318 2690 21,
337 2628 382 2680 98;
402 2645 461 2691 qnae
478 2633 570 2679 sentitis
586 2633 615 2680 de
634 2632 700 2678 omni
715 2645 799 2692 ponere
816 2629 926 2686 dicendt,·
943 2628 1010 2678 ebds.
1029 2630 1054 2689 2,
1072 2629 1104 2689 43
1123 2629 1166 2688 22,
1191 2631 1244 2683 102,

322 2712 351 2746 αα
369 2707 446 2746 motus
464 2702 511 2748 enei
527 2701 695 2749 mediocritate.
733 2695 790 2758 Vgl.
808 2695 875 2744 Brut.
895 2698 937 2760 43,
958 2699 1019 2748 tus:
1044 2699 1149 2746 Paratus
1177 2699 1252 2761 iuuat·
1269 2713 1299 2745 ee-

236 2767 316 2814 nc'ebet
327 2768 433 2830 Uressm,
453 2771 639 2829 exspectabatur,
655 2767 811 2827 eudiedutnr3
830 2782 845 2813 a
860 2769 985 2826 principio
999 2769 1089 2826 statim,
1106 2769 1174 2829 quod
1185 2767 1301 2826 uatapnd

236 2851 289 2883 eusn
308 2850 399 2896 seenper
416 2846 560 2898 cosmatum,
574 2838 742 2896 exspectatione
755 2836 988 2898 ds'pnnseidetatur3
1006 2851 1055 2884 non
1065 2839 1140 2884 multa
1150 2838 1246 2885 iactatio
1255 2852 1300 2884 cer-

232 2906 310 2965 pore's,
328 2920 377 2952 non
399 2907 522 2955 inclinatio
539 2910 609 2966 nocis,
629 2907 698 2954 nulla
713 2905 875 2962 icentunae,
894 2919 944 2952 non
961 2906 1044 2954 crebra
1060 2907 1182 2964 supplosio
1196 2907 1270 2968 peds's.

239 3037 242 3044 ⁴
319 2974 406 3034 quidne
420 2977 523 3038 uestiqe'e'e
541 2973 627 3035 (Dat.)
646 2975 733 3036 e'nsts'te',
759 2971 810 3034 vgl.
829 2974 853 3034 2,
875 2973 902 3022 e:
926 2976 952 3022 e'n
973 2989 1018 3036 quo
1038 2971 1168 3037 (satiato)
1195 2977 1236 3023 s'lle
1246 2989 1301 3036 pro·

237 3049 350 3090 strennum
368 3044 500 3092 institisset.

322 3112 446 3172 aliquanto
467 3128 503 3160 me
519 3115 597 3162 maior
617 3120 658 3161 cet.
681 3109 766 3159 Dahor
777 3108 846 3157 Brut.
861 3109 902 3169 59,
920 3109 983 3161 215:
1004 3118 1118 3171 eantque
1132 3113 1157 3159 αα·
1172 3109 1300 3171 (Antonini

237 3180 351 3240 quaedem
373 3194 401 3227 ea
426 3182 464 3228 te's
483 3184 558 3240 perta
581 3196 634 3230 eum
658 3182 749 3239 Censeo,
775 3181 892 3241 quaedam
916 3180 986 3228 etiam
1008 3183 1150 3238 superiora:
1180 3190 1207 3230 at
1229 3181 1303 3231 Crassi

238 3250 314 3311 mepte
331 3249 432 3298 enitebat
449 3251 532 3298 oratio.

325 3318 463 3366 obsonator:
475 3333 505 3366 zu
513 3315 677 3380 gundunien,
688 3314 741 3364 sich
748 3313 811 3366 inzu
818 3314 984 3378 abgouutzten
991 3313 1155 3364 Ausdriicken
1162 3313 1301 3380 beu-egent.

323 3388 491 3447 suspectatione
507 3396 528 3435 et
541 3387 646 3437 enuntio:
666 3382 696 3436 ἓν
714 3380 761 3436 ded
781 3383 869 3434 δυοῖν,

325 3455 366 3506 34.
384 3463 433 3504 taen
444 3465 518 3504 certae
527 3471 565 3504 res
580 3457 710 3515 propriae:
732 3468 759 3501 so
769 3450 820 3502 l'est
832 3453 999 3516 ausgepr'dgto
1011 3450 1301 3516 Eigenthiimlichkeiteu,

237 3522 348 3573 dissolbe
366 3522 561 3586 Umschroibung
578 3521 672 3574 wiell.
689 3525 730 3583 15,
741 3523 805 3573 2631
823 3525 893 3572 cuba
910 3525 985 3572 setara
998 3525 1128 3571 contracte:
1148 3519 1302 3572 Antitheses.

320 3593 392 3654 sere:
410 3591 522 3654 aquaist,
542 3591 567 3640 in
588 3592 633 3640 der
650 3589 737 3654 Regel.
1008 3645 1014 3652 ‚

323 3663 457 3724 secunus:
480 3662 545 3710 nach
571 3660 624 3710 dem
650 3658 920 3722 Leistungsvermb'gen
946 3657 988 3708 des
1007 3657 1126 3720 Rodners,
1154 3659 1264 3709 welches
1279 3657 1301 3705 in

239 3727 285 3777 dou
304 3730 498 3779 verschiedeneu
515 3747 603 3795 pennu
619 3729 731 3779 donnoeh
748 3725 831 3790 gleich
849 3741 920 3790 grass
937 3727 991 3777 sein
1009 3727 1083 3776 laun.

323 3801 385 3860 que'd
403 3803 500 3850 censetis
517 3825 560 3860 —,
585 3815 664 3848 nenm
674 3799 753 3862 sore?
789 3795 834 3844 Die
860 3795 1008 3858 allgemeiue
1032 3794 1113 3858 Fruge
1136 3793 1171 3846 ist
1195 3797 1257 3845 noch
1278 3793 1300 3842 in

239 3864 379 3914 demsellsen
403 3867 478 3917 Satzc
505 3868 583 3917 durcli
609 3867 663 3916 eine
685 3865 853 3915 bestimmtere
869 3864 991 3927 abgalfist,
1015 3864 1067 3928 vgl.
1084 3879 1106 3928 p.
1124 3861 1199 3917 Rosc.
1217 3865 1246 3915 Α.
1266 3863 1300 3922 lt,

238 3934 284 3983 49:
305 3933 370 3989 Quia
388 3951 465 3984 censes
484 3939 547 3987 tenne
564 3941 642 3998 epsnns
660 3937 712 3984 See.
732 3937 852 3995 Roscium,
876 3949 924 3996 quo
947 3937 1025 3984 studio
1044 3943 1066 3983 et
1082 3949 1131 3996 qna
1149 3933 1300 3998 intellepentia

237 4017 286 4050 esse
303 4004 329 4049 e'n
348 4006 444 4051 rusticis
463 4007 550 4054 rebus?
568 4006 598 4053 de
617 4003 658 4052 oll.
678 4001 707 4052 ll.
728 4005 750 4064 ῖ,
769 4004 817 4063 253
836 4001 898 4050 oben
918 4017 949 4052 zu
969 4007 992 4066 5,
1012 4004 1056 4053 15:
1075 4005 1146 4052 locus.
