2826 4520
220 337 261 402 98
437 333 479 386 hu
498 333 662 400 cheretim,
682 335 725 386 lib.
740 333 758 385 1.
777 351 829 401 cup.
841 335 883 388 38.
903 333 992 400 §lid⁸
1015 339 1071 389 175.

220 493 265 554 'l'u
289 492 360 554 mihi
381 511 449 552 cuur
472 493 503 552 iu
528 491 638 552 circulo
661 491 805 569 decipiare
827 490 986 550 adversarii
1007 489 1242 569 stipulatirmcula
1266 503 1300 554 ct.

220 597 289 638 cum
319 577 456 656 obsignes
485 577 603 638 tabellas
633 575 745 637 clientis
774 577 832 648 tui,
859 575 968 654 quihus
997 576 1028 636 in
1058 575 1168 637 tabellis
1196 573 1226 637 id
1256 578 1300 638 sit

220 664 378 742 scriptum,
412 680 472 741 quo
492 662 539 724 illc
560 663 706 742 capiatur,
737 680 790 739 ege
813 660 864 721 tihi
886 661 975 722 ullum
1001 679 1119 723 causam
1148 662 1293 724 maiorem

220 749 460 810 committendam
490 744 614 826 putem?
651 748 741 808 Citius
764 747 882 806 hercule
904 747 945 819 is,
976 747 1028 825 qui
1057 747 1186 808 duorum
1216 749 1295 809 scel-

221 853 340 896 murum
362 833 525 895 nevicrdcm
548 833 688 910 inportu
712 831 861 903 everterit,
891 832 924 892 in
941 832 1057 894 Euxine
1080 842 1173 910 pontu
1194 835 1295 912 Argo-

148 925 205 974 1t5.
220 929 374 982 nautarum
406 937 510 978 navem
547 917 724 997 gubernarit.
767 914 868 992 Quid?
904 917 929 977 si
961 936 999 980 nc
1030 937 1136 996 parvae
1170 919 1294 996 quidem

220 1025 323 1066 causae
346 1013 431 1076 sunt,
460 1003 511 1064 sed
540 1022 626 1082 saepe
645 1005 806 1075 maximae,
832 1005 863 1062 ih
887 1002 994 1080 quihus
1023 1012 1150 1065 certetur
1172 1003 1208 1065 de
1228 1005 1297 1066 iure

220 1092 312 1163 cirili,
343 1090 422 1168 quud
452 1088 569 1150 taudem
593 1107 626 1149 os
649 1098 693 1150 est
714 1088 790 1150 illius
820 1087 950 1166 patroni,
985 1089 1036 1166 qui
1058 1089 1094 1150 ad
1117 1108 1166 1149 eas
1189 1108 1296 1152 causus

122 1216 125 1224 ·
219 1177 282 1236 sine
305 1176 363 1236 ullu
385 1173 503 1236 scicntia
524 1173 597 1234 iuris
619 1175 706 1236 audet
727 1171 889 1235 accedere?
915 1175 997 1247 Quae
1013 1175 1109 1253 putuit
1123 1175 1212 1254 igitur
1227 1194 1296 1236 esse

137 1297 138 1300 =
220 1281 306 1322 ceusu
330 1261 431 1332 maior,
453 1279 544 1338 quam
565 1260 642 1320 illius
664 1257 786 1320 militis?
808 1260 844 1320 de
859 1259 943 1320 cuius
957 1269 1053 1320 morte
1074 1279 1143 1320 cum
1166 1259 1293 1321 domum

219 1348 310 1408 salsus
339 1346 374 1406 ch
405 1345 533 1406 exercitu
566 1345 687 1406 nuntius
719 1346 848 1406 venisset
877 1354 905 1405 ct
931 1355 1013 1423 pater
1040 1345 1103 1406 eius
1125 1364 1158 1406 re
1181 1346 1291 1407 eredita

218 1439 423 1492 testamentum
452 1439 593 1491 mutasset
622 1439 664 1502 et,
694 1449 783 1510 quem
806 1431 832 1490 ei
854 1431 951 1490 visum
974 1440 1065 1501 esset,
1095 1431 1291 1492 fecissethe-

217 1515 318 1578 redem
341 1517 560 1594 essetqueipse
583 1527 734 1577 mortuus:
768 1535 816 1576 res
839 1516 931 1576 delata
952 1525 996 1577 est
1017 1515 1053 1576 ed
1076 1515 1295 1591 centumviros,

100 1641 102 1646 ·
218 1621 288 1670 eum
317 1603 400 1663 miles
432 1601 554 1662 demum
585 1602 746 1663 revenisset
775 1602 939 1680 egissetque
961 1602 1023 1680 lege
1045 1602 1077 1662 in
1098 1601 1292 1664 hereditatem
1350 1615 1354 1623 “

116 1691 118 1694 ’
217 1697 367 1767 paternam
400 1696 573 1749 testamento
613 1688 735 1748 exheres
775 1686 861 1748 filius.
926 1687 1038 1765 Nempe
1076 1687 1107 1746 in
1138 1706 1171 1748 ee
1202 1706 1292 1749 cause

68 1791 71 1798 ’
217 1774 382 1852 quaesitum
412 1781 456 1834 est
485 1773 521 1834 de
543 1773 607 1834 iure
638 1773 728 1844 civili,
758 1783 895 1851 possetne
922 1782 1114 1852 paternorum
1137 1772 1290 1834 honorum

287 1963 323 2011 Iis
344 1963 412 2011 ms'ln'.
455 1959 503 2010 Mit
534 1959 617 2008 dieser
644 1955 830 2023 pronomiuolen
858 1957 984 2008 Purutoxe
1020 1957 1124 2022 hegimst
1150 1959 1290 2010 besonders

215 2029 300 2092 hhufig
323 2029 363 2079 die
388 2027 543 2094 pathetischc
561 2027 656 2091 Frug03
684 2025 736 2089 vgl.
761 2025 786 2075 iu
804 2026 877 2078 Vcrr.
897 2025 914 2077 l.
934 2029 976 2087 32,
996 2030 1041 2080 82:
1080 2030 1116 2078 dic
1134 2031 1208 2090 cnidi,
1234 2047 1290 2080 scm

215 2102 384 2149 circumsessus
396 2117 411 2148 a
422 2108 470 2147 tam
488 2100 590 2148 inlustri
606 2099 700 2146 cicstatc
717 2097 750 2145 sis
764 2106 866 2158 propte·
885 2105 953 2147 tuum
970 2102 1046 2147 scotus
1063 2114 1092 2148 ac
1102 2101 1230 2163 Jtapits'um
1246 2125 1289 2162 —‚

214 2169 253 2217 tic
269 2169 314 2218 tibi
327 2168 469 2230 perseipsum
488 2183 569 2228 specs
580 2166 719 2228 futurum?

283 2240 311 2287 s'o
328 2239 429 2286 circulo:
447 2233 473 2282 iu
489 2233 569 2284 ciuem
587 2231 768 2296 Privatus-eise,
786 2232 834 2284 wic
853 2237 894 2296 34,
920 2237 974 2286 159.

282 2308 493 2366 stsimhcto'unccla:
536 2303 614 2352 durch
649 2301 704 2351 eine
739 2301 926 2353 unhedcutcudc
966 2303 1288 2370 Vertrugsverpflichtuug,

213 2374 310 2423 welche
327 2373 353 2421 in
370 2374 415 2422 der
430 2371 505 2422 Ferm
525 2387 574 2420 rou
591 2369 673 2433 Fruge
694 2371 744 2419 und
760 2369 877 2420 Autwort
895 2372 1028 2436 vollzogen
1047 2372 1118 2422 wird.

201 2465 203 2470 .
283 2445 404 2506 obscenos,
431 2456 472 2490 um
497 2440 536 2490 die
563 2455 591 2488 sc
618 2439 787 2503 nuchtheiiigc
806 2439 924 2491 Urkunde
951 2441 1169 2506 gewissermssseu
1189 2461 1220 2495 zu
1241 2446 1290 2496 bc-

214 2510 324 2574 st'eitigcn
343 2510 391 2559 und
408 2508 447 2562 als
464 2507 655 2558 unumstdsslich
673 2508 846 2559 hinzustelleu.

283 2581 370 2644 quidus
395 2581 422 2628 in
444 2581 542 2628 tabellis.
585 2576 637 2626 Cic.
665 2578 733 2626 ohmt
762 2577 818 2626 hier
843 2577 883 2628 die
907 2577 933 2627 in
959 2577 1083 2629 Gcsetzeo
1108 2581 1159 2630 und
1178 2581 1289 2634 Rechts-

213 2647 410 2710 hestimmungeu
434 2645 627 2711 gebriiuehliche
648 2645 905 2710 Wcitschweifigkcit
930 2649 1007 2710 uueh3
1035 2647 1097 2698 uhcr
1123 2651 1187 2700 such
1214 2660 1287 2702 sunst

213 2717 269 2767 siud
282 2715 324 2766 hei
338 2715 388 2765 ihm
400 2714 557 2780 dergleichen
572 2713 809 2779 Wicdcrholuugeu,
829 2715 925 2767 welche
940 2717 984 2766 der
1002 2717 1172 2768 Deutlichkeit
1186 2719 1288 2784 dienen,

141 2815 142 2818 =
213 2784 282 2834 nicht
300 2784 388 2836 selteo.

282 2857 365 2920 Citius,
393 2854 442 2904 wie
469 2867 543 2904 unser
570 2850 647 2903 ‘cher'
666 2875 701 2894 =
712 2854 830 2916 facilium
857 2853 908 2917 vgl.
927 2854 995 2903 Brut.
1014 2857 1055 2918 67,
1075 2856 1139 2909 238:
1169 2861 1197 2908 s'n
1215 2862 1287 2910 ino&

212 2927 308 2975 no'cndc's
324 2927 537 2987 componendisque
554 2925 623 2974 robus
643 2924 706 2972 mira
722 2926 850 2984 accuratio,
871 2932 898 2973 ut
915 2939 964 2974 noo
978 2924 1055 2987 facilc
1074 2928 1101 2974 ἐκ
1118 2929 1166 2976 ullo
1178 2930 1285 2993 diluem-

117 3013 119 3016 ·
212 2998 295 3044 tiorcm
312 2997 471 3058 maioremque
487 2997 643 3057 emoverem,
669 2995 791 3053 sedeam,
820 3001 847 3041 ut
864 2996 936 3042 citius
953 2996 1119 3044 veteratoriam
1136 3011 1208 3058 quom
1226 3014 1287 3048 orc-

210 3067 298 3112 tors'om
317 3066 412 3115 diceres.

281 3135 307 3181 in
325 3134 422 3182 Euxino
435 3140 518 3194 ponto,
540 3129 651 3180 welchcr
669 3128 756 3179 imurcr
774 3130 832 3179 schr
852 3128 984 3180 stiimuisch
1002 3129 1043 3182 ist.

279 3203 480 3264 Arqonosotasscm
498 3213 604 3250 mecm:
637 3197 677 3248 cin
703 3197 871 3248 hedcutcodes
895 3197 977 3247 Schiff
997 3198 1046 3249 wic
1071 3199 1112 3250 die
1131 3199 1214 3264 Argo,
1241 3203 1291 3254 auf

210 3268 322 3320 welches·
346 3269 386 3320 dic
410 3267 505 3318 Helden
529 3266 725 3318 Grieeheuluuds
751 3271 826 3316 uhter
847 3267 938 3317 Jasons
956 3265 1076 3332 Fiihrung
1102 3269 1147 3318 dos
1175 3270 1285 3334 goldene

210 3337 294 3390 Viicss
313 3355 358 3389 uus
377 3336 480 3388 Helchis
496 3343 570 3388 uoter
587 3335 739 3386 muncherlei
758 3334 884 3386 Gefuhrcu
903 3335 996 3387 hcltcu.

208 3487 290 3537 totum,
317 3480 433 3542 quicquid
446 3486 493 3538 cst,
523 3479 572 3526 cs‘oc
587 3478 718 3538 artificum
739 3478 789 3524 sico
805 3479 912 3526 studium
929 3477 1037 3536 dicendi,
1061 3478 1113 3524 nisi
1127 3481 1224 3528 accessit
1246 3495 1280 3540 oc,

208 3551 302 3598 ocultum
316 3557 395 3608 potsse
411 3563 466 3604 esso,
484 3549 566 3596 docebo
583 3561 631 3608 coc,
652 3546 774 3605 discipuli,
798 3547 831 3608 td,
850 3547 916 3608 quod
932 3547 981 3605 ipsc
998 3560 1047 3593 noo
1066 3547 1147 3596 didici.

276 3620 364 3680 codor:
381 3631 438 3666 zum
455 3613 569 3680 Beispicl.

276 3689 359 3750 scisset
376 3690 437 3751 lcpc:
469 3682 510 3734 eiu
533 3679 708 3746 geriemliehes
727 3663 868 3732 Vcrfuhreri
896 3681 937 3731 hei
954 3682 1009 3731 dem
1030 3679 1122 3731 Priitor
1146 3683 1283 3748 bcaotrcgt

207 3751 530 3874 hattehsstcriicoiii'ciciiir'ss
547 3817 627 3884 filios.
681 3819 754 3870 Diesc
777 3818 867 3869 Wortc
893 3819 1024 3869 cotheltcu
1048 3817 1089 3868 dic
1115 3820 1282 3886 Begriindung

206 3901 256 3934 ren
280 3894 362 3952 spissat
380 3895 428 3956 icoc
450 3889 500 3940 und
523 3889 611 3938 steheu
633 3886 679 3936 mit
698 3888 752 3938 dem
770 3887 844 3938 Sstze
862 3905 931 3952 quom
945 3899 1017 3950 pater
1034 3915 1068 3924 —-
1084 3893 1219 3952 scripsisset
1236 3907 1283 3942 sso-

204 3959 315 4006 snc'nots'm
332 3959 401 4008 nieht
418 3958 451 4007 im
469 3957 659 4022 Widcrsprurh.

273 4027 370 4090 Nenos,
390 4026 438 4076 wic
459 4029 501 4089 57,
520 4028 577 4078 244.
