2756 4520
287 327 330 380 nu
351 327 516 392 omronu,
533 328 575 380 uu.
591 327 633 379 m.
651 344 704 396 up.
722 331 762 382 24.
781 332 821 382 25.
839 327 855 396 p
871 333 981 386 ae-ac.
1131 329 1171 394 63

98 484 185 564 genia
202 482 327 544 obtundi
341 483 433 556 nolui,
451 483 638 545 corroborari
652 484 873 563 impudentiam.
896 485 969 548 Nam
986 486 1063 564 apud
1079 485 1171 546 Grae·
1185 491 1226 542 94.

97 587 160 650 cos,
175 569 356 630 cuicuimodi
371 577 478 642 esseut,
493 569 628 630 videbam
646 577 743 631 tamen
760 589 823 631 esse
838 578 953 650 praeter
968 571 1044 630 hanc
1058 573 1171 634 exerci-

96 655 241 716 tationem
263 654 380 732 linguae
395 654 558 715 doctrinam
582 655 706 734 aliquam
730 664 759 716 et
773 655 952 718 humanitate
974 656 1093 734 dignam
1115 659 1172 718 sci·

97 739 227 818 entiam3
243 739 298 799 hos
307 757 377 799 vero
386 757 482 800 novos
495 740 650 818 magistros
659 740 732 800 nihil
738 740 940 820 intellegebam
955 759 1043 820 posse
1057 741 1172 815 docere,

98 825 157 886 nisi
172 833 206 885 ut
221 823 377 896 auderent3
409 823 590 903 quodetiam
607 844 674 885 oum
691 825 778 886 honis
793 825 882 887 rebus
899 827 1101 899 coniunctum,
1119 845 1172 905 per

97 930 130 972 se
145 911 247 989 ipsum
263 917 307 969 est
321 927 429 988 magno
442 928 531 989 opere
541 911 725 989 fugiendum.
742 911 807 971 lloc
821 929 890 972 cum
900 929 996 972 unum
1008 911 1173 974 traderetur

96 1004 127 1057 et
141 1012 212 1056 cum
225 994 425 1073 impudentiae
438 995 528 1056 ludus
543 1005 629 1074 esset,
653 997 754 1074 putavi
777 1015 840 1057 esse
856 997 987 1058 censoris
1001 1015 1040 1056 ne
1054 997 1172 1076 longius

97 1082 128 1143 id
144 1088 279 1158 serperet
292 1079 457 1158 providere.
488 1081 674 1159 Quamquam
688 1100 750 1142 non
766 1082 838 1142 haec
850 1082 889 1144 ita
905 1091 999 1144 statuo
1015 1092 1103 1161 atque
1117 1083 1170 1143 de·
1185 1090 1227 1140 95.

98 1183 202 1245 cerno,
226 1175 258 1225 ut
274 1164 429 1243 desperem
443 1165 544 1226 Latine
560 1185 601 1239 ea,
626 1165 785 1245 dequibus
803 1167 1025 1246 disputavimus,
1046 1167 1121 1228 tradi
1139 1187 1173 1228 ac

97 1251 244 1332 perpoliri
260 1269 366 1329 posse3
396 1251 505 1329 patitur
523 1251 601 1311 euim
624 1261 653 1312 et
668 1250 766 1330 lingua
782 1261 883 1314 nostra
904 1264 933 1314 ct
948 1262 1051 1313 natura
1071 1271 1173 1314 rerum

97 1345 233 1398 veterem
248 1335 325 1396 illam
339 1335 588 1414 excellentemque
604 1338 789 1415 prudentiam
799 1338 976 1400 Graecorum
989 1338 1023 1399 ad
1036 1347 1172 1400 nostrum

97 1440 191 1483 usum
207 1438 382 1500 moremque
393 1421 562 1494 transterri3
578 1422 630 1482 sed
645 1422 815 1484 hominihus
831 1441 906 1502 opus
922 1432 966 1484 est
977 1424 1107 1497 eruditis,
1122 1425 1173 1502 qui

99 1508 200 1569 adhuc
216 1506 248 1566 in
263 1506 321 1566 hoe
338 1506 456 1584 quidem
480 1525 586 1584 genere
608 1508 702 1568 nostri
723 1508 795 1569 nulli
817 1511 953 1584 lueruut3
984 1510 1030 1570 sin
1054 1509 1171 1588 quaudo

100 1591 274 1666 exstiterint,
290 1592 375 1652 etiam
391 1591 508 1652 Graecis
525 1602 612 1652 erunt
620 1593 832 1676 anteponendi.

186 1676 316 1737 Ornatur
331 1677 418 1755 igitur
429 1677 521 1737 oratio
538 1696 644 1756 genere
652 1678 781 1756 primum
797 1686 825 1738 et
836 1678 919 1755 quasi
931 1677 1029 1738 colore
1043 1677 1172 1754 quodam
1187 1681 1287 1744 2696.

97 1771 128 1824 et
143 1780 216 1822 suco
233 1780 298 1822 suo.
329 1763 403 1823 Nam
418 1773 451 1823 ut
466 1763 571 1841 gravis,
585 1772 618 1823 ut
631 1763 739 1842 suavis,
756 1772 788 1824 ut
802 1763 915 1824 erudita
930 1762 977 1835 sit,
991 1773 1024 1822 ut
1037 1761 1173 1834 liberalis,

187 1968 229 2018 94.
249 1967 400 2027 cuicuimodi,
420 1965 475 2014 cine
494 1964 545 2014 alte
558 1959 731 2013 Genetivform
748 1961 790 2014 fiir
806 1963 1017 2028 cuiueouiuemodi,
1035 1963 1084 2012 wic
1098 1961 1172 2013 Thoe.

96 2035 163 2100 disp.
182 2033 223 2085 lll.
242 2037 283 2096 34,
303 2035 335 2086 83
354 2034 405 2082 und
424 2033 454 2083 V.
471 2036 513 2095 41,
533 2035 595 2084 121:
615 2035 666 2094 loo,
685 2036 887 2093 occursurum,
904 2036 986 2097 otium.

186 2107 320 2154 doctrinam
334 2111 392 2153 eet:
410 2101 465 2152 cino
483 2099 869 2161 theoretisoheFaehkeontniss,
887 2101 947 2150 weil
956 2100 1031 2149 ihren
1043 2097 1099 2149 cine
1111 2114 1171 2148 aus-

96 2173 222 2238 gcdehuto
239 2171 380 2221 litterator
390 2171 451 2221 iiber
463 2170 503 2220 die
513 2169 635 2220 Rhetorik
646 2171 746 2233 euolog,
764 2171 815 2219 und
828 2169 883 2220 eine
898 2167 1045 2234 allgemcinc
1056 2167 1171 2232 Bilduug.

190 2251 217 2292 ut
235 2243 358 2292 oudereut.
381 2239 485 2289 Crassus
503 2238 624 2302 hingegea
638 2238 784 2288 bezeichnct
798 2238 875 2302 grado
886 2235 1096 2288 Schiichtcrnhoit
1106 2237 1172 2286 hcim

96 2308 236 2362 Auftrcton
260 2309 298 2358 als
322 2309 366 2358 das
390 2305 565 2358 liounzoiohen
589 2308 632 2357 des
651 2309 761 2377 ‘wahren
784 2307 895 2358 Redners
923 2305 998 2366 126,
1020 2308 1082 2358 119:
1106 2308 1174 2357 Mihi

96 2383 172 2432 etcum
187 2382 233 2443 qui
248 2382 335 2438 opte'rue
354 2381 437 2428 duum
453 2381 541 2441 quique
555 2379 585 2425 id
592 2377 712 2441 sucidime
728 2386 798 2438 atque
816 2381 965 2427 ornatissime
978 2377 1061 2439 faeere
1069 2386 1173 2435 pooouut

99 2460 191 2512 tmucu,
214 2451 265 2497 uici
280 2449 362 2496 timide
379 2449 412 2494 ool
428 2449 554 2497 diceudruu
571 2449 684 2496 oeceduut
707 2454 729 2496 et
745 2447 773 2494 iu
789 2449 933 2496 ceordieudo
952 2448 1057 2495 orotimu
1074 2454 1172 2505 pertur-

96 2521 198 2580 tantur,
212 2532 290 2578 poeue
307 2518 453 2576 impudentes
471 2517 590 2576 ureirutur,
615 2518 708 2564 tametsi
724 2516 751 2563 id
767 2517 872 2565 aumere
888 2531 936 2564 uon
948 2523 1043 2576 potem
1060 2523 1087 2565 ut
1108 2516 1172 2564 euim

96 2590 201 2651 quiaque
215 2588 303 2646 optime
310 2588 376 2644 due,
395 2587 431 2634 ito
441 2587 543 2634 mouimc
551 2585 791 2649 dteeudifoeuitatem
805 2586 932 2646 rariorque
943 2592 1039 2634 euentus
1056 2585 1172 2634 oratiouio

96 2657 338 2717 exspectationemque
356 2654 479 2703 homiuum
494 2656 647 2714 pertimescit.
660 2678 695 2687 -
706 2651 744 2701 Zu
764 2651 809 2701 dor
828 2650 1006 2701 Construction
1021 2660 1048 2702 ut
1059 2655 1173 2702 oudercut

98 2723 142 2774 hei
162 2725 244 2773 doecre
262 2722 314 2784 vgl.
333 2719 363 2770 ll.
382 2724 424 2778 47,
451 2723 513 2773 196:
537 2721 691 2778 Quamobrem
714 2723 758 2770 too
772 2713 813 2770 voi
832 2723 900 2770 doceo
921 2749 962 2781 —,
988 2730 1015 2770 ut
1033 2723 1060 2769 iu
1075 2722 1172 2770 diceudo

32 2793 38 2800 '
100 2794 186 2854 irasci,
204 2793 329 2852 uldoiere,
349 2792 562 2854 etflerepoocitio,
580 2786 890 2838 woioekoinculliolluss
903 2786 994 2838 aufdie
1007 2786 1171 2838 Coustnhat.
1226 2817 1229 2825 ι

184 2875 233 2920 ,uer
251 2877 275 2910 ae
293 2863 379 2920 ipsum,
398 2859 421 2907 d.
440 2859 465 2909 h.
483 2856 523 2908 die
541 2861 690 2919 impudentia
712 2857 746 2906 ist
766 2856 806 2906 eiu
824 2872 852 2906 so
872 2871 974 2920 grossor
991 2855 1089 2919 Fohlor,
1115 2857 1171 2906 dass

97 2929 136 2980 sio
157 2928 222 2977 auch
239 2925 281 2977 for
299 2927 352 2977 sich
372 2926 450 2977 allain
468 2925 538 2977 einer
558 2925 697 2989 llandlung,
718 2925 813 2976 welche
835 2932 905 2976 sonat
922 2927 994 2976 recht
1012 2925 1107 2976 lh'hlieh
1119 2924 1172 2976 soiu
1247 2980 1251 2990 ,

98 3013 166 3062 mag,
182 2995 255 3060 jedes
272 2995 408 3064 Verdienst
425 2995 544 3047 entzicht.

187 3068 229 3118 95.
249 3068 402 3126 utderpcrem
410 3082 521 3126 -uoaae,
531 3063 583 3128 vgl.
591 3065 633 3126 36,
646 3065 706 3126 14’1;
721 3065 851 3125 perpoliri,
861 3078 881 3112 s.
891 3079 913 3115 z.
921 3065 963 3125 21,
975 3065 1020 3114 79:
1031 3067 1171 3125 poliuetur.

187 3150 277 3195 rerum,
298 3135 321 3185 d.
339 3135 363 3184 h.
382 3131 535 3197 derjenigcu,
560 3131 654 3181 welche
673 3132 720 3181 den
737 3131 820 3181 luhalt
837 3132 882 3182 der
900 3135 1030 3192 prudeutio
1049 3133 1109 3181 oder
1129 3132 1172 3182 dor·

98 3220 149 3254 von
169 3203 217 3253 don
235 3199 359 3252 Griecheu
377 3201 463 3252 hisher
476 3199 677 3251 aussehliesslieh
695 3203 834 3265 gopllcgten
851 3199 1011 3266 Philosophia
1029 3201 1123 3252 hildeu.

187 3274 354 3333 metopoueudi.
374 3270 493 3321 Derselbe
511 3268 621 3319 lrrthum
639 3268 688 3319 wie
706 3267 725 3319 l.
743 3272 768 3331 4,
786 3272 830 3323 15:
849 3273 1019 3336 Iupeuiaeero
1039 3272 1077 3330 (ut
1091 3273 1172 3318 multia

97 3343 172 3394 rebus
195 3357 324 3402 poscumus
349 3338 465 3402 iudicare)
492 3349 629 3389 uestrorum
656 3341 780 3388 homiuum
806 3345 907 3390 multtum
930 3343 1011 3389 ceteris
1036 3340 1172 3388 homiuibus

97 3413 207 3462 omuium
223 3412 330 3472 peutium
344 3413 535 3469 praestiturum
555 3405 629 3458 Tusc.
648 3407 709 3472 disp.
727 3405 746 3458 l.
770 3410 793 3470 1,
816 3410 838 3460 1.

188 3473 242 3533 25.
262 3480 303 3529 66.
318 3495 417 3542 peuere:
435 3476 642 3526 dcmCharakter
657 3473 872 3540 imallgemeioo‘rr,
891 3475 924 3525 im
942 3472 1047 3537 Gegens.
1067 3488 1098 3521 zu
1117 3472 1171 3522 dem

98 3555 202 3598 umatus
220 3549 370 3610 oiupulorum
387 3550 546 3597 articulorum
552 3564 563 3606 ;
581 3546 632 3609 vgl.
651 3547 693 3608 26,
716 3546 772 3597 103.

187 3618 393 3666 miore-etcum
410 3632 467 3664 auo:
486 3615 564 3666 durch
584 3614 639 3666 ciac
657 3615 764 3678 gesuude
777 3612 858 3663 Forbe
874 3611 925 3661 und
939 3607 1069 3671 leboudige
1080 3605 1170 3670 liralt3

19 3714 25 3722 ι
97 3687 303 3746 auo=propriu
322 3683 381 3748 Vgl.
400 3687 441 3747 52,
462 3687 524 3746 1993
542 3681 573 3736 ll.
586 3685 626 3747 22,
636 3686 682 3736 93:
701 3686 785 3734 Omuee
806 3685 938 3732 etiamtum
955 3680 1088 3728 retinebuut
1101 3681 1171 3729 iilum

97 3756 192 3805 Pericli
208 3769 305 3812 eurum;
323 3756 366 3804 sed
380 3763 450 3806 eraut
465 3758 538 3814 poulo
550 3756 658 3804 uberiore
666 3755 730 3816 fii05
748 3747 889 3800 aduttlv.
900 3750 938 3808 18,
958 3748 987 3798 2:
1003 3749 1127 3798 omisimus
1137 3775 1170 3782 -

98 3837 192 3874 ornnem
209 3837 259 3870 uou
276 3825 343 3872 mocio
361 3839 444 3874 aueum
463 3839 491 3872 oe
509 3825 657 3886 caupuiuem,
684 3824 727 3871 aed
747 3823 818 3870 etium
835 3823 935 3868 colorem
960 3833 987 3866 oe
1005 3819 1101 3877 epeu'eru
1117 3820 1170 3878 pri-

98 3894 177 3942 etiuue
195 3893 303 3940 ciuitatie.

187 3962 272 4024 provio
290 3986 324 3995 -
341 3962 430 4020 aucuia,
450 3957 505 4008 eine
523 3956 632 4008 heliohte
650 3953 835 4018 Paronomasie,
855 3953 904 4004 wic
926 3953 994 4006 Brut.
1009 3955 1034 4016 9,
1048 3955 1093 4006 38:
1112 3973 1170 4005 auo·
