2814 4526
192 291 238 358 26
407 289 468 358 :on
488 291 652 356 onaronu,
671 292 715 342 33.
734 291 764 343 u.
785 306 838 358 up.
857 293 881 344 e.
899 293 913 356 5
931 293 972 344 32.
994 294 1035 346 ae.

196 449 360 517 confessus,
382 446 477 524 inquit
499 447 654 520 Antonius,
677 457 769 507 artem
786 466 927 508 essenon
944 450 1111 520 maximam,
1134 447 1176 507 sic
1191 447 1263 508 illud

192 532 335 604 adfirmo,
365 541 517 610 praecepta
547 550 635 610 posse
662 533 805 610 quaedam
835 533 897 593 dari
926 542 1061 612 peracuta
1090 533 1126 593 ad
1149 541 1264 612 pertra-

194 617 316 677 ctandos
338 617 452 678 animos
475 617 630 677 hominum
654 627 682 678 et
703 618 739 678 ad
762 619 947 696 excipiendas
970 637 1075 679 eorum
1090 617 1264 679 voluntates.

195 703 290 762 Huius
312 701 355 762 rei
376 702 527 762 scientiam
549 703 573 762 31
596 703 661 780 quis
683 703 759 764 volet
779 721 914 782 magnam
930 704 1076 782 quandam
1093 713 1185 764 artem
1201 721 1267 764 esse

195 787 300 860 dicere,
323 805 385 846 non
407 787 587 865 repugnabo.
631 788 746 848 Etenim
769 807 837 848 oum
860 778 991 867 plerique
1013 797 1124 850 temere
1138 789 1268 868 3333113

194 873 307 933 3311333
336 891 438 934 causas
460 873 491 932 iu
514 875 581 933 loro
604 873 714 945 dicant,
736 883 798 932 non
821 874 893 934 nulli
914 883 1012 955 autem
1034 885 1156 952 propter
1178 892 1260 935 exer·

196 958 360 1018 citationem
397 967 447 1018 aut
480 966 602 1036 propter
636 955 881 1018 cousuetudinem
912 960 1039 1038 aliquam
1071 959 1202 1020 callidius
1235 959 1267 1020 id

196 1043 310 1115 faciant,
333 1061 395 1103 non
417 1052 461 1102 est
482 1042 606 1103 dubium
629 1043 710 1122 quin,
733 1045 758 1104 si
779 1044 846 1122 quis
862 1045 1106 1117 animadverterit,
1130 1045 1202 1122 quid
1218 1045 1265 1118 sit,

197 1147 253 1205 qua
269 1147 301 1188 re
324 1129 372 1188 alii
394 1128 497 1187 melius
522 1145 610 1205 quam
625 1129 672 1188 alii
695 1128 799 1201 dicant,
816 1129 844 1189 id
869 1131 963 1208 possit
985 1141 1094 1194 notare.
1132 1127 1211 1208 Ergo
1234 1131 1266 1190 id

196 1215 247 1291 qui
278 1222 337 1274 toto
367 1214 398 1273 in
429 1231 535 1290 genere
563 1214 679 1287 fecerit,
708 1215 733 1273 is
756 1215 781 1274 si
803 1232 865 1273 non
887 1215 971 1292 plane
993 1225 1100 1287 artem,
1130 1225 1159 1276 at
1181 1217 1268 1293 quasi

136 1315 183 1366 33.
196 1307 287 1359 artem
308 1298 455 1375 quandam
477 1298 630 1362 invenerit.
675 1300 770 1377 Atque
793 1300 920 1376 utinam,
945 1311 977 1362 ut
999 1302 1070 1362 mihi
1091 1300 1139 1360 illa
1162 1301 1267 1361 videor

196 1384 295 1444 videre
316 1385 348 1442 in
371 1386 436 1442 soro
457 1391 543 1460 atque
565 1383 595 1443 in
618 1386 728 1457 causis,
749 1385 818 1445 item
841 1403 935 1458 nune,
965 1386 1111 1464 quemad
1140 1387 1266 1446 modum

197 1487 229 1529 ea
249 1469 459 1546 reperirentur,
480 1487 599 1546 possem
621 1469 704 1528 vohis
727 1467 890 1548 exponere!

282 1553 338 1613 Sed
361 1553 397 1612 de
420 1571 467 1613 me
490 1554 606 1627 videro;
636 1572 716 1614 nuno
736 1555 793 1614 hoo
814 1572 967 1633 propone,
999 1555 1079 1633 quod
1102 1556 1174 1616 mihi
1195 1575 1267 1634 per-

197 1639 291 1710 suasi,
314 1639 445 1716 quamvis
468 1657 514 1698 ars
536 1657 597 1698 non
619 1641 672 1712 sit,
694 1649 793 1700 tamen
815 1641 887 1700 nihil
909 1657 972 1700 esse
994 1643 1124 1718 perlecto
1148 1651 1267 1702 oratore

196 1724 380 1802 praeclarius.
431 1725 504 1785 Nam
538 1733 570 1784 ut
598 1743 686 1785 usum
713 1725 828 1786 dicendi
857 1725 1005 1798 omittam,
1041 1726 1091 1803 qui
1120 1726 1153 1786 in
1183 1729 1267 1788 omni

196 1819 295 1888 pacata
316 1818 343 1870 et
362 1809 452 1870 libera
475 1809 587 1869 civitate
609 1810 784 1883 dominatur,
807 1820 885 1870 tanta
908 1810 1059 1871 oblectatio
1083 1820 1127 1871 est
1146 1812 1179 1872 13
1201 1813 1266 1891 ipsa

197 1896 330 1956 facultate
353 1895 483 1968 dicendi,
508 1903 541 1954 ut
565 1895 638 1954 nihil
658 1896 813 1955 hominum
832 1903 881 1955 aut
903 1895 1022 1956 auribus
1045 1905 1095 1956 aut
1116 1897 1267 1958 mentibus

196 2098 240 2146 der
268 2097 454 2146 Beredsamkelt
482 2095 658 2159 (irrthiimlieh)
684 2097 820 2162 bchauptet
850 2099 900 2147 und
928 2099 1119 2148 naehzuweisen
1150 2102 1266 2165 gesucht,

196 2166 252 2215 dass
272 2164 308 2215 313
326 2165 399 2216 13133
416 2183 458 2216 ura
475 2165 519 2228 sei,
539 2166 599 2215 aber
617 2165 694 2228 nicht,
715 2165 765 2216 wic
782 2181 810 2216 33
826 2166 1016 2230 beabsiohtigte,
1035 2183 1085 2217 von
1096 2167 1142 2217 133
1156 2167 1266 2218 Τ133313

196 2235 333 2285 133331133.

259 2307 455 2365 pertractandos:
487 2301 619 2366 griindlich
636 2301 795 2365 bearbeiten,
822 2301 876 2353 sich
896 2303 973 2367 vortig
992 2303 1170 2356 unterwericn.
1207 2307 1266 2370 Vgl.

195 2369 214 2422 I.
233 2377 274 2432 51,
293 2374 357 2422 222:
389 2382 471 2422 erutor
483 2399 516 2406 -
523 2381 638 2434 pcruprut
656 2388 704 2432 per
727 2375 827 2434 urimur,
845 2389 973 2422 —ceurua
989 2376 1114 2424 uoutuum
1131 2378 1269 2439 3333113333

191 2450 330 2501 pertractat.

264 2512 427 2570 euurpuudur,
452 2508 593 2571 gewihltcr
617 2507 655 2556 313
673 2512 804 2568 captandus
821 2509 885 2570 und,
909 2508 959 2558 wie
978 2505 994 2574 ἓ
1013 2512 1045 2561 30
1064 2515 1195 2574 aucupari,
1215 2527 1266 2562 von

195 2577 241 2626 der
258 2577 322 2640 lugd
339 2577 390 2625 331
407 2577 461 2626 133
479 2573 571 2640 liricge
592 2576 719 2638 entlehnt3
740 2576 791 2639 vgl.
812 2579 852 2638 44,
875 2579 930 2630 181.

124 2645 125 2650 ’
264 2662 375 2708 uuquam
387 2649 521 2708 quuudum:
541 2646 596 2695 3133
614 2644 747 2694 besonders
769 2660 861 2708 grosse.

263 2719 291 2764 iu
314 2713 355 2762 131
378 2724 437 2776 toto,
464 2714 522 2763 weil
547 2713 586 2763 113
611 2713 739 2763 einzelnen
761 2712 849 2763 Theile
874 2714 924 2762 und
949 2714 1027 2763 Arten
1052 2715 1096 2764 des
1123 2713 1266 2766 (13333331-

196 2783 376 2845 gegenstandos
396 2783 505 2845 gemelot
522 2782 590 2842 siud;
608 2787 679 2844 quusi
684 2801 690 2832 :
709 2782 858 2832 anniihernd.

265 2853 307 2903 33.
332 2855 414 2902 uideor
430 2855 522 2902 uidere:
554 2851 609 2901 3133
627 2850 667 2899 131
688 2850 739 2900 Cic.
756 2851 806 2899 331
824 2851 872 2900 133
889 2851 996 2900 1113333
1013 2852 1153 2916 iiberhaupt
1173 2867 1264 2916 wegen

196 2919 241 2968 der
262 2919 437 2969 Allitteration
459 2922 518 2969 sehr
541 2919 648 2970 belicbte
667 2918 914 2984 Wortverbindung,
941 2935 962 2968 3.
982 2919 1007 2968 Β.
1026 2921 1055 2970 13
1074 2919 1116 2971 lin.
1136 2919 1169 2971 V.
1190 2921 1214 2982 2,
1234 2925 1264 2973 4:

195 2992 339 3048 Ourueadr'a,
361 3007 431 3053 quem
452 2993 531 3039 331333
553 2993 641 3038 uideor.
676 2988 726 3037 Das
750 2988 954 3051 vorhcrgehende
981 2992 1024 3038 3113
1048 2987 1197 3038 1333131331
1217 2990 1262 3038 das

193 3067 342 3117 pertractare
362 3062 454 3107 animoa
478 3061 600 3107 domiuum
623 3057 674 3106 331
699 3057 742 3105 133
766 3061 873 3118 emutare
897 3074 978 3106 eorum
1003 3061 1149 3120 3313313133,
1182 3058 1261 3108 333313

195 3126 337 3190 iibcrhaupt
355 3125 394 3175 dic
412 3126 586 3175 reduerischeu
606 3125 730 3188 Vorziige.

264 3199 436 3256 reperirentur,
453 3195 498 3244 133
512 3192 589 3258 impl,
608 3193 667 3243 weil
680 3194 724 3243 der
735 3191 805 3256 Conj.
820 3191 890 3258 lmpl.
903 3211 927 3245 3.
940 3191 1038 3258 quupl.
1051 3194 1075 3242 13
1088 3193 1262 3259 Bcdiugungs-

194 3264 281 3313 siitzeu
302 3263 464 3326 regelmiissig
483 3263 527 3312 das
545 3261 651 3326 Tempus
671 3263 713 3312 des
731 3261 889 3325 abhiiugigen
907 3261 977 3325 Conj.
998 3262 1130 3312 13311331.

264 3337 293 3382 dr
308 3347 345 3381 mr
359 3336 452 3382 uidero:
472 3331 524 3380 dies
542 3331 607 3380 wird
624 3331 703 3380 moine
716 3330 794 3393 Serge
807 3330 870 3395 sein,
889 3330 962 3381 131113
977 3334 1062 3382 werde
1073 3332 1115 3381 131
1130 3347 1161 3380 33
1173 3347 1263 3396 surgen

195 3401 300 3464 wissen3
319 3401 373 3452 eine
391 3399 466 3449 Form
484 3401 529 3450 der
545 3405 668 3460 revocatio,
687 3399 732 3448 mit
751 3399 860 3448 welcher
878 3400 922 3450 133
940 3400 1084 3463 begonucne
1102 3397 1263 3463 Gcgcnstand

199 3471 329 3520 vcrlasscn
346 3470 418 3531 wird,
437 3485 476 3518 nm
494 3485 525 3518 33
542 3468 621 3518 cincun
639 3468 747 3517 anderen
763 3468 950 3532 iiberaugehen3
964 3485 1088 3532 propono:
1109 3469 1150 3518 iclr
1165 3469 1266 3520 schiclrc

197 3554 297 3599 vorans,
316 3539 365 3588 wic
384 3536 424 3589 lll.
445 3543 468 3600 6,
489 3539 535 3590 25:
550 3555 686 3600 proponam
706 3539 814 3587 breuiter.

265 3612 291 3656 tu
308 3613 519 3668 3331333313-
532 3611 670 3658 dominatur
689 3605 753 3670 (3131
772 3603 882 3667 michtig
901 3604 1019 3668 erweist).
1056 3605 1113 3669 Vgl.
1131 3604 1151 3656 I.
1174 3607 1198 3669 8,
1218 3609 1265 3658 30:

197 3679 263 3726 Haec
289 3695 339 3726 uua
364 3695 403 3727 rer
426 3676 577 3742 (eloquentia)
605 3679 633 3724 iu
659 3678 725 3724 omui
750 3676 822 3724 tc‘bcro
843 3678 933 3734 populo
958 3678 1105 3738 murumque
1123 3677 1151 3725 iu
1170 3679 1264 3737 pacatis

196 3750 380 3808 tranquillisque
402 3748 535 3794 ciuitatibus
552 3760 643 3804 semper
657 3745 743 3804 floruit
760 3758 895 3805 cuuprrque
912 3745 1034 3794 dominatu
1050 3755 1090 3794 eat.
1126 3743 1191 3794 11333
1211 3743 1260 3792 Cic.

194 3812 264 3862 diese
283 3813 388 3863 Ansieht
412 3815 483 3863 mehr
502 3829 547 3862 333
570 3812 653 3862 331333
676 3810 793 3874 algeron,
816 3810 854 3859 313
880 3826 924 3861 333
942 3812 1105 3876 allgomeiner
1121 3811 1263 3873 Erlahrung

195 3896 336 3945 gewonuen
354 3883 408 3943 hat,
429 3882 540 3932 leuohtet
557 3881 606 3931 313.

264 3952 387 4014 facultate,
407 3950 455 4001 wie
474 3951 537 4000 3133
556 3953 579 4007 7,
599 3950 639 4000 30.
