2750 4526
176 312 181 320 ’
243 315 285 379 76
448 313 489 365 DE
508 314 671 381 uuerdan,
692 315 734 367 lib.
754 315 784 367 ll.
805 331 859 381 cup.
872 319 913 368 32.
931 315 947 383 ἕ
969 319 1112 370 tas—140.

244 474 354 532 seratur
382 489 510 532 necesse,
530 481 582 531 est.
634 471 711 532 llaec
740 490 793 550 ego
817 490 878 530 non
901 489 937 530 eo
960 471 1082 532 consilio
1109 471 1243 550 disputo,
1277 483 1305 532 ut

243 557 379 617 homiues
401 556 531 618 eruditos
555 557 744 635 redarguam3
774 573 951 634 quamquam
975 557 1212 634 reprehendendi
1236 567 1305 630 sunt

243 643 295 720 qui
322 642 354 702 in
385 660 492 720 genere
518 641 685 702 definiendo
715 642 783 702 istas
807 660 909 701 causas
932 641 1102 702 describunt
1122 643 1155 702 in
1176 644 1305 721 personis

174 727 230 778 139.
243 738 272 787 et
299 728 330 788 in
360 726 543 805 temporibus
573 727 680 805 positas
711 743 784 786 esse.
828 727 902 787 Nam
925 726 980 787 etsi
999 729 1157 789 incurrunt
1178 738 1304 807 tempora

243 823 271 873 et
286 830 439 891 personae,
463 820 561 872 tamen
576 811 803 890 intellegendum
818 821 862 872 est
878 829 938 870 non
956 829 991 871 ex
1007 813 1051 884 iis,
1071 813 1122 872 sed
1143 831 1180 873 ex
1209 832 1306 892 genere

243 898 423 976 quaestionis
444 897 574 975 pendere
602 915 712 957 causas.
756 897 812 957 Sed
846 897 903 956 hoc
930 896 1001 956 nihil
1033 898 1068 958 ad
1102 916 1165 971 me3
1201 901 1305 959 nullum

243 983 322 1044 enim
345 982 431 1043 nobis
453 991 600 1042 certamen
630 1001 698 1042 cunr
718 981 782 1042 istis
805 1001 869 1042 esse
890 980 983 1042 debet.
1028 983 1155 1043 Tantum
1179 985 1249 1046 satis
1269 995 1305 1044 est

242 1068 379 1147 intellegi,
398 1086 436 1127 ne
457 1067 515 1127 hoc
542 1067 660 1145 quidem
683 1085 734 1127 eos
757 1077 945 1143 consecutos,
977 1067 1057 1146 quod
1083 1068 1115 1128 in
1147 1076 1228 1130 tanto
1256 1069 1304 1130 otio

244 1154 330 1214 etiam
349 1153 412 1214 sine
427 1152 481 1212 hac
499 1153 609 1212 forensi
629 1152 833 1213 exercitatione
845 1153 961 1212 efficere
976 1161 1145 1230 potuerunt,
1161 1163 1195 1215 ut
1209 1172 1303 1234 genera

173 1238 344 1300 14⁰·rerum
367 1237 568 1298 discernerent
597 1256 688 1316 eaque
710 1237 797 1315 paulo
821 1236 954 1298 subtilius
977 1237 1162 1316 explicarent.
1204 1241 1304 1300 Verum

244 1325 313 1394 hoc,
338 1322 466 1394 uldini,
495 1322 567 1382 nihil
588 1321 623 1382 ad
647 1341 703 1382 me.
747 1322 821 1382 lllud
845 1323 880 1382 ad
902 1341 948 1382 me
971 1341 1004 1382 ac
1022 1325 1115 1384 multo
1139 1325 1228 1385 etiam
1251 1343 1303 1384 ma·

245 1409 287 1487 gis
309 1407 430 1481 advos,
450 1407 532 1468 Cotta
554 1415 654 1468 noster
681 1417 710 1467 et
731 1407 857 1486 Sulpici;
888 1425 948 1485 quo
971 1409 1060 1468 modo
1084 1427 1167 1470 nunc
1189 1429 1221 1470 se
1243 1411 1304 1470 isto-

243 1512 312 1554 rum
335 1501 411 1554 artes
432 1491 548 1564 habent,
574 1492 806 1571 pertimescenda
828 1502 872 1553 ost
894 1491 1049 1553 multitudo
1071 1512 1247 1568 causarum;
1272 1503 1306 1554 est

150 1651 152 1658 Ι
245 1579 324 1638 enim
346 1577 468 1649 infinita,
491 1577 567 1638 siin
590 1577 725 1656 personis
747 1577 882 1656 ponitur3
908 1587 981 1656 quot
1002 1578 1155 1652 homines,
1181 1589 1304 1641 111111-

245 1681 310 1736 111,
334 1663 380 1723 sin
402 1662 436 1722 ad
461 1681 602 1742 generum
617 1663 770 1724 universas
786 1663 971 1742 quaestiones
991 1666 1172 1738 referuntur,
1196 1667 1304 1726 111111-

245 1749 324 1808 dicae
352 1757 615 1826 supercrescat,
645 1757 678 1809 ut
700 1765 747 1808 eas
771 1749 868 1808 omnis
891 1748 1041 1828 diligentes
1065 1758 1094 1810 et
1116 1768 1265 1811 memores
1284 1759 1305 1808 et

244 1833 335 1896 sobrii
357 1844 487 1894 oratores
510 1851 665 1910 percursas
687 1834 784 1893 auimo
802 1842 831 1894 et
848 1851 941 1912 prope
958 1834 1052 1895 dicam
1073 1834 1240 1896 decantatas
1261 1837 1303 1894 ha-

244 1917 313 1979 bere
336 1919 476 1990 debeant3
507 1917 564 1978 nisi
593 1921 669 1979 forte
697 1919 865 1980 existimatis
889 1919 960 1980 aM‘
983 1919 1071 1980 Curio
1095 1938 1217 1982 causam
1241 1921 1303 1981 didi-

244 2006 318 2065 cisse
347 2005 379 2064 L.
401 2003 539 2065 Crassum
561 2012 640 2064 elea
663 2022 695 2064 re
718 2006 807 2064 multa
829 2004 966 2075 attulisse,
1001 2022 1090 2082 quam
1113 2004 1237 2068 obrem
1258 2025 1303 2083 po·

244 2101 342 2150 sturno
372 2106 436 2149 non
463 2097 531 2149 nato
553 2089 674 2150 Curium
705 2097 803 2149 tamen
828 2089 966 2149 heredem
989 2089 1113 2168 Coponii
1137 2109 1204 2152 esse
1224 2110 1303 2170 opor-

243 2191 417 2220 —-----l

245 2259 302 2323 Vgl.
322 2257 395 2308 Tusc.
409 2258 471 2323 disp.
486 2257 529 2308 lV.
552 2260 591 2318 10,
614 2259 659 2309 23:
677 2274 726 2322 quo
743 2257 786 2322 (=
800 2275 827 2308 ea
839 2261 867 2309 do
880 2255 917 2322 re)
935 2263 1042 2310 oratione
1048 2264 1224 2320 praetermissa
1234 2261 1278 2310 nnd
1290 2275 1305 2308 s.

245 2344 265 2380 z.
285 2330 390 2392 23,,96;
410 2329 482 2378 Hanc
499 2330 688 2377 similitudinem.

315 2400 381 2448 Haeo
398 2413 447 2461 epo,
465 2411 485 2446 s.
505 2412 526 2446 z.
547 2398 588 2457 21,
610 2397 650 2448 88.

313 2468 449 2516 describunt
463 2491 496 2500 —
509 2467 603 2526 positas
622 2481 670 2514 caeo
688 2485 723 2504 =
740 2465 875 2514 monitum
891 2468 935 2524 ito,
953 2474 979 2514 ut
998 2468 1079 2516 dicam
1098 2493 1132 2502 -
1147 2469 1242 2528 positas
1257 2481 1303 2523 cau,

246 2533 268 2582 d.
286 2535 309 2583 h.
339 2533 375 2582 sio
407 2533 498 2583 sollten
525 2533 665 2599 iibcrhaupt
691 2532 760 2580 nicht
784 2531 825 2581 bei
849 2533 904 2582 dem
923 2530 1024 2598 liapitel
1050 2549 1099 2584 von
1119 2534 1167 2584 den
1189 2535 1303 2585 lleweiseu

246 2601 310 2651 zwci
330 2599 437 2652 lilasseu
456 2617 504 2650 von
525 2601 608 2652 Reden
628 2602 772 2654 annehmcn.

317 2671 373 2723 139.
409 2676 553 2722 incurrunt:
569 2671 615 2719 mit
633 2669 779 2732 cinwirken,
797 2669 966 2721 concurriren.

314 2757 343 2790 ec
354 2756 438 2804 ponere
451 2743 609 2803 pacationis:
621 2754 670 2788 von
684 2739 738 2787 dem
752 2737 777 2787 in
786 2736 868 2800 Frage
878 2738 1039 2788 kommenden
1052 2739 1219 2803 allgemeinen
1233 2740 1252 2790 F
1255 2737 1302 2789 allo

314 2813 410 2860 nullum
427 2815 491 2859 ontio
508 2819 549 2860 oet.
586 2806 710 2857 Antonius
728 2807 799 2856 stellt
815 2806 914 2856 iiberall
928 2807 1012 2857 seinen
1031 2823 1079 2856 von
1097 2808 1143 2859 der
1161 2809 1249 2859 Praxis
1267 2821 1303 2857 aus

246 2875 462 2941 cingcuommencn
480 2876 639 2942 Standpunkt
656 2875 700 2925 der
718 2873 824 2924 Theorie
845 2875 890 2924 der
910 2875 1132 2927 Schnlrhotoriker
1151 2885 1275 2942 eutgcgen.

314 2951 369 2997 otio.
404 2946 463 2995 Dies
481 2950 555 2996 ocium
576 2945 621 2994 dor
639 2943 763 2994 Griecheu
786 2943 850 2992 wind
869 2959 919 2993 von
938 2944 988 2993 Cic.
1005 2945 1091 3008 hiinlig
1108 2948 1240 3012 erwiilrnt,
1263 2944 1303 2992 uie

247 3029 269 3062 z.
287 3013 313 3063 B.
333 3013 351 3066 l.
373 3017 396 3078 6,
413 3017 459 3066 22:
484 3019 550 3078 qood
565 3016 667 3065 Graecos
691 3017 796 3063 homines
812 3029 861 3062 noo
879 3017 954 3064 solean
972 3017 1067 3079 ingenio
1088 3025 1110 3064 et
1129 3019 1251 3076 doctrina,
1270 3015 1305 3062 aed

246 3087 316 3132 etiam
340 3087 386 3133 otio
409 3087 533 3146 studioque
554 3085 870 3144 commemorationem
888 3085 1008 3145 quondam
1026 3087 1117 3134 artium
1128 3086 1218 3147 secisse
1234 3087 1305 3134 ordeo:

247 3150 273 3200 iu
291 3152 336 3201 dor
356 3150 434 3214 chel
451 3153 497 3200 mit
514 3150 609 3213 einiger
629 3149 870 3215 Geringsohitzuug.

318 3223 376 3272 140.
402 3223 504 3281 ponitur
521 3225 585 3269 statt
598 3231 731 3280 ponuntur,
751 3220 782 3269 da
796 3218 847 3268 Cic.
868 3219 915 3268 deu
933 3219 985 3269 ihm
1003 3220 1066 3268 noch
1085 3219 1302 3271 vorschweltendeo

246 3288 342 3354 Begriff
356 3291 483 3340 multitudo
501 3287 547 3337 mit
564 3304 636 3338 cauea
653 3286 826 3339 vorwechsolt.

314 3373 441 3408 moneres:
454 3356 501 3406 mit
513 3362 597 3420 gutem
607 3355 771 3408 Godiichtniss
783 3356 883 3422 begaht,
906 3356 955 3406 wic
972 3355 1013 3406 lll.
1033 3359 1074 3418 50,
1096 3361 1158 3411 194:
1177 3367 1303 3418 tantumque
1342 3399 1343 3412 a

244 3431 349 3478 dominis
367 3429 487 3491 ingeniosi
497 3443 524 3476 ae
536 3430 645 3476 memorie
657 3429 732 3478 coluit
741 3429 884 3486 exercitatio,
898 3425 948 3474 und
962 3425 987 3475 in
1001 3427 1045 3475 dor
1058 3425 1138 3489 Rogol
1151 3427 1213 3476 auch
1225 3441 1303 3476 memo·

244 3500 313 3560 riter,
326 3513 348 3545 z.
356 3496 383 3548 Β.
396 3493 415 3547 1.
429 3497 470 3560 15,
480 3497 512 3547 fit
521 3513 528 3558 3
538 3495 602 3544 doch
615 3495 732 3545 bedentet
743 3495 861 3544 lctztcres
873 3495 938 3544 auch
950 3511 978 3544 erc
990 3499 1112 3560 monerio,
1124 3495 1173 3545 wic
1185 3493 1205 3545 l.
1219 3497 1257 3554 19,
1270 3494 1302 3543 88.

315 3563 348 3615 ll'
367 3564 457 3614 Curius
483 3563 570 3613 wnrde
588 3579 638 3613 von
656 3563 683 3612 L.
703 3563 807 3614 Crassus
828 3577 907 3626 gegcu
928 3563 974 3612 dou
986 3562 1058 3612 Pout.
1078 3579 1144 3614 max.
1163 3563 1193 3628 Q.
1205 3560 1302 3612 Scirola

248 3633 415 3698 vertheidigt,
440 3633 526 3684 desscn
545 3631 628 3682 Client
646 3631 768 3697 Coponius
791 3631 830 3682 die
844 3629 980 3682 Erhschalt
997 3632 1034 3681 als
1053 3631 1221 3682 Verwandter
1237 3631 1304 3680 bean·

246 3703 371 3767 sprnchte,
392 3702 512 3752 nacldem
531 3701 570 3751 die
590 3700 615 3750 in
628 3702 683 3751 dem
694 3699 840 3751 Testameut
857 3702 1070 3766 ausgesprooheno
1088 3701 1237 3765 Bodingrmg,
1255 3698 1304 3746 dass

247 3770 336 3838 Curius
360 3770 435 3822 erbcn
449 3771 527 3834 sollo,
553 3785 625 3820 wonu
650 3769 695 3820 der
718 3769 758 3818 bei
784 3769 839 3818 dem
857 3767 925 3818 Todo
950 3769 992 3819 des
1009 3768 1155 3820 Erblassers
1178 3771 1303 3818 erwanete

247 3838 313 3887 Sohn
336 3855 383 3888 vor
406 3839 489 3890 sciner
507 3837 664 3902 Miindigkcit
687 3837 788 3889 sterben
809 3837 898 3898 sollte,
923 3837 947 3885 in
967 3837 1046 3904 llclgc
1066 3839 1110 3888 der
1130 3838 1223 3889 Gebnrt
1242 3835 1303 3885 einer

247 3905 355 3957 Toclrter
381 3909 435 3959 dem
457 3907 590 3960 Wortlaut
618 3907 681 3956 nach
708 3907 778 3955 nicht
805 3907 829 3955 iu
848 3905 981 3969 Erliilluug
1007 3922 1137 3972 gegingen
1165 3921 1224 3956 war.
1254 3901 1303 3964 1111-

247 3973 265 4024 1.
285 3977 325 4041 39,
347 3978 409 4043 180;
428 3981 468 4041 57,
488 3980 537 4030 242
558 3975 583 4028 11.
